1586 2658
270 248 316 285 36
785 247 995 284 ANDRIA.

778 337 999 365 PAanLuS·

1205 383 1301 430 Quid
1313 383 1414 431 agit?

830 453 950 481 ursis.

1361 502 1505 548 Rogas?

268 559 428 599 Laborat
442 570 464 598 e
479 559 632 603 dolore;
653 562 764 607 atque
781 569 825 596 ex
842 558 914 597 hoc
930 558 1067 597 misera
1082 557 1239 597 sollicita
1254 563 1324 602 est,
1343 559 1441 596 diem

268 618 362 664 Quia
374 618 476 657 1olim
500 619 538 656 in
556 619 656 656 hunc
674 620 760 656 sunt
777 616 988 656 constitutae
1008 616 1160 667 nuptiae.
1176 620 1270 655 Tum
1287 622 1414 656 autem
1433 617 1503 657 hoc

314 677 421 715 timet

266 737 320 774 Ne
337 736 486 774 deseras
498 746 553 775 se.

771 805 991 832 nummus.

568 855 674 901 Hem,
695 863 811 902 egone
831 853 926 891 istuc
943 852 1069 891 conari
1091 855 1252 902 queam?

266 917 342 963 Ego
360 918 515 964 propter
532 924 593 952 me
611 913 714 952 illam
731 913 851 962 decipi
871 914 1045 951 miseram
1060 914 1207 952 sinam?

254 975 353 1019 ‘Quae
372 974 466 1011 mihi
481 984 590 1012 suum
607 973 771 1011 animum
792 978 902 1021 atque
917 983 1067 1011 omnem
1086 973 1198 1011 vitam
1212 972 1382 1019 credidit,

265 1035 383 1079 Quam
402 1044 471 1082 ego
487 1034 612 1072 animo
632 1033 779 1082 egregie
797 1044 920 1071 caram
939 1043 1007 1082 pro
1026 1045 1139 1072 uxore
1154 1034 1366 1083 habuerim,

265 1097 363 1132 Bene
380 1098 418 1131 et
437 1093 570 1142 pudice
589 1093 672 1142 ejus
690 1093 840 1131 doctum
858 1096 969 1142 atque
988 1093 1165 1132 eductum
1180 1094 1298 1133 sinam

265 1155 439 1191 Coactum
457 1155 618 1200 egestate
637 1151 825 1200 ingenium
841 1152 1083 1191 inmutarier?

264 1214 344 1250 Non
363 1211 510 1249 faciam.

825 1280 947 1307 ursis.

523 1328 628 1366 Haud
646 1338 791 1375 vereor,
809 1327 839 1365 si
860 1329 896 1365 in
919 1332 955 1366 te
972 1328 1052 1366 solo
1071 1328 1120 1367 sit
1137 1328 1279 1368 situm:

265 1383 336 1428 Sed
356 1388 429 1426 vim
446 1391 488 1425 ut
503 1397 618 1436 queas
636 1385 750 1424 ferre.

772 1456 991 1483 nummus.

760 1503 899 1541 Adeon’
912 1514 971 1541 me
987 1504 1158 1552 ignavum
1177 1510 1299 1553 putas,

261 1565 400 1604 Adeon’
414 1574 526 1614 porro
543 1562 728 1611 ingratum
746 1566 810 1599 aut
827 1562 1071 1600 inhumanum
1091 1567 1156 1600 aut
1172 1563 1309 1611 ferum,

261 1627 307 1663 Ut.
325 1634 446 1672 neque
463 1634 522 1661 me
539 1621 784 1668 consuetude,
803 1632 923 1670 neque
942 1633 1062 1668 amor,
1081 1632 1203 1670 neque
1219 1624 1340 1671 pudor

261 1687 514 1731 Commoveat,
531 1692 650 1731 neque
664 1687 913 1729 commoneat,
929 1686 971 1720 ut
986 1692 1130 1720 servem
1146 1681 1287 1720 fidem?

380 1746 384 1749 “
433 1768 436 1771 .
820 1751 942 1778 ursis.

260 1805 380 1840 Unum
397 1801 468 1839 hoc
483 1800 572 1847 scio,
592 1798 688 1837 hanc
706 1798 879 1836 meritam
899 1810 995 1842 esse,
1014 1803 1058 1836 ut
1072 1810 1220 1838 memor
1233 1811 1333 1840 esses
1351 1802 1422 1840 sui.

767 1928 987 1956 nummus.

257 1980 399 2016 Memor
413 1978 558 2016 essem?
578 1977 608 2015 Ο
626 1975 749 2025 Mysis,
770 1976 894 2025 Mysis,
910 1975 1024 2014 etiam
1042 1987 1141 2015 nunc
1159 1975 1254 2015 mihi

257 2037 399 2085 Scripta
417 2035 482 2073 illa
501 2034 600 2073 dicta
612 2039 705 2073 sunt
723 2034 762 2072 in
777 2035 903 2073 animo
919 2035 1108 2084 Chrysidis

257 2099 307 2136 De
322 2095 502 2145 Glycerio.
521 2097 602 2132 Jam
617 2093 737 2133 ferme
754 2093 917 2133 moriens
932 2105 994 2133 me
1011 2099 1144 2134 vocat:

257 2154 399 2194 Accessi
417 2167 426 2191 z
443 2164 509 2191 vos
529 2157 681 2191 semotae
696 2166 707 2191 z
723 2163 791 2191 nos
807 2152 878 2191 soli
896 2153 1050 2203 :incipit
1068 2167 1079 2192 :

257 2214 304 2252 Mi
321 2212 528 2261 Pamphile,
549 2211 660 2260 hujus
676 2210 836 2250 formam
855 2215 966 2261 atque
984 2216 1130 2251 aetatem
1147 2213 1248 2252 vides
1263 2226 1276 2251 :

289 2298 316 2324 1.
336 2298 379 2324 On
397 2295 469 2322 aime
483 2295 502 2322 ὲ
518 2294 579 2322 voir
596 2297 671 2323 cette
687 2295 804 2323 termete
820 2303 988 2325 amoni-ense
1006 2295 1078 2324 dms
1094 2296 1252 2333 Pamphile,
1269 2296 1317 2333 qui
1332 2304 1364 2324 ne
1376 2299 1490 2325 montr-

255 2336 372 2365 ailleurs
383 2335 498 2372 indecis,
514 2334 646 2364 irresolu—
