1624 2632
203 263 273 300 34⁶2
488 260 730 298 HEAUTON
760 258 1152 297 TIMORUMENOS.

733 351 909 378 caumes.

206 399 359 439 Dissolvi
378 410 453 447 me,
474 399 612 438 otiosus
628 409 780 448 operam
802 404 842 437 υι
860 398 925 436 tibi
945 398 1087 436 darem.

206 462 315 508 Syrus
334 463 389 508 est
407 457 691 507 prehendendus
709 462 819 506 atque
840 457 1092 495 adhortandus
1111 456 1217 496 mihi.

205 521 232 555 Α
248 529 306 555 me
322 517 446 556 nescio
465 517 548 566 quis
561 516 636 555 exit
653 530 662 554 :
682 516 842 555 concede
859 516 945 554 hinc
961 516 1129 561 domum,

204 578 255 614 Ne
273 587 339 615 nos
353 577 451 615 inter
469 586 536 614 nos
556 575 763 614 consentire
777 574 951 613 sentiant.

686 686 868 726 SCENA
901 687 955 726 ΙΙ.

595 781 772 821 SYRUS‚
800 781 1040 816 CHREMES.

258 895 260 898 ·
757 881 885 908 smus.

206 928 278 965 Hac
292 927 375 966 illac
395 928 642 966 circumcursa
659 941 668 967 :
690 928 982 967 inveniendumst
996 933 1121 968 tamen

206 989 403 1035 Argentum
415 1001 426 1034 ;
447 986 671 1025 intendenda
688 987 723 1025 in
744 998 870 1025 senem
889 993 946 1025 est
967 987 1125 1026 fallacia.

405 1059 412 1067 ·
735 1057 912 1084 canemus.

207 1105 300 1140 Num
322 1113 381 1140 me
396 1103 528 1141 fefellit
547 1103 657 1142 hosce
673 1104 711 1142 id
731 1106 903 1143 struere?
924 1103 1102 1142 Videlicet

207 1161 270 1198 llle
285 1161 415 1199 eliniai
431 1172 556 1200 servos
572 1162 853 1211 tardiusculust3

208 1220 344 1258 Idcirco
358 1219 444 1258 huic
461 1226 588 1261 nostro
604 1221 775 1260 traditast
790 1221 992 1271 provincia.

759 1292 888 1320 smus.

207 1338 296 1384 Quis
310 1336 371 1377 hic
387 1337 582 1388 loquitur?
601 1339 710 1378 Perii.
730 1343 912 1378 Numnam
930 1340 1008 1379 haec
1027 1339 1197 1379 audivit?

736 1468 913 1497 censuras.

1207 1519 1315 1566 Syre!

759 1585 888 1613 snus.

1324 1635 1443 1673 Hem?

440 1727 444 1730 .
735 1703 914 1731 cunnus.

208 1750 302 1797 Quid
323 1754 360 1788 tu
378 1749 486 1790 istie?

759 1820 888 1848 snus.

514 1869 627 1906 Recte
640 1867 812 1917 equidem
832 1881 842 1906 ε
862 1868 929 1906 sed
946 1872 982 1906 te
1001 1867 1127 1911 miror,
1143 1867 1315 1916 Chreme,

208 1929 295 1964 Tam
318 1937 439 1972 mane,
456 1925 521 1975 qui
538 1926 621 1965 heri
636 1930 780 1965 tantum
803 1926 956 1965 biberis.

737 1996 915 2024 caumes.

990 2043 1048 2083 Nil
1066 2043 1190 2083 nimls.

301 2132 303 2134 -
760 2114 890 2143 snus.

209 2162 277 2204 Nil,
300 2163 455 2200 narras?
470 2161 556 2200 Visa
574 2167 710 2210 verost,
725 2163 827 2211 quod
845 2162 916 2201 dici
933 2162 1041 2210 solet,

209 2221 348 2270 Aquilae
364 2225 545 2260 senectus.

263 2330 270 2338 .
291 2312 332 2337 On
347 2309 457 2346 croyait
469 2310 588 2338 ehezles
605 2310 720 2338 auciens
731 2319 787 2348 que
799 2311 826 2339 le
839 2311 892 2340 bec
906 2311 943 2338 de
955 2310 1061 2346 l‘aigle.
1076 2310 1186 2338 deveuu
1207 2309 1300 2343 vient,
1311 2318 1344 2338 se
1355 2317 1440 2339 eom—
1484 2322 1491 2327 ·

209 2350 268 2380 hait
281 2351 431 2379 tellement
443 2359 499 2388 que
511 2350 627 2379 l’oiseau
641 2359 678 2379 ne
691 2352 806 2388 pouvait
822 2353 887 2389 phu
900 2352 1018 2380 l'ouvrir
1034 2360 1108 2388 pour
1127 2359 1256 2389 manger,
1271 2354 1302 2379 et
1319 2350 1388 2388 qu'll
1404 2359 1442 2387 ,-
