1624 2632
202 223 270 260 206
480 197 482 199 ’
708 223 926 260 uecvaA.

711 313 911 342 sosanna.

935 363 1039 400 Hem.

724 431 908 459 nanneno.

940 480 1075 517 lterum
1094 477 1201 517 istinc
1213 478 1433 517 excludere?

717 547 919 579 sosriuu.

203 596 315 633 Ehem
334 598 529 641 Parmeno,
549 598 614 632 tun
631 593 692 632 hic
707 597 814 633 eras?
831 595 941 642 Perii,
961 594 1051 644 quid
1072 594 1203 634 faciam
1220 596 1375 634 misera?

202 656 281 692 Non
296 654 409 692 visam
427 663 580 692 uxorem
593 653 793 703 Pamphili,
807 664 922 703 quum
936 653 974 691 in
990 664 1172 703 proxumo
1185 654 1245 693 hie
1257 655 1303 693 sit
1314 657 1435 703 aegra?

719 783 907 811 mannito.

202 832 279 868 Non
297 830 402 875 visas,
422 840 489 868 nee
509 829 633 868 mittas
650 829 801 879 quidem
820 829 960 869 visendi
975 841 1085 870 eausa
1101 841 1339 881 quemquam.

202 891 290 927 Nam
309 889 372 937 qui
391 894 491 926 amat
505 889 564 927 cui
580 888 667 928 odio
685 889 786 938 ipsus
803 893 875 937 est,
896 888 954 928 bis
970 890 1091 928 faeere
1106 890 1217 929 stulte
1234 891 1343 930 duco.

201 946 381 985 Laborem
401 948 550 985 inanem
566 947 666 997 ipsus
682 948 797 997 capit,
815 953 853 986 et
870 947 927 986 illi
943 948 1153 987 molestiam
1170 949 1303 988 adfert.

201 1008 294 1043 Tum
314 1005 410 1043 lilius
428 1010 514 1043 tuus
534 1005 677 1044 introiit
692 1006 831 1054 videre,
850 1011 892 1044 ut
910 1006 1024 1055 venit,
1043 1006 1134 1057 quid
1151 1012 1250 1057 agat.

715 1076 915 1105 sosnuu.

201 1122 296 1169 Quid
310 1122 387 1161 ais?
405 1125 462 1162 An
474 1122 574 1162 venit
586 1123 823 1173 Pamphilus?

720 1193 905 1223 uanam.

815 1242 936 1281 Venit.

713 1311 912 1339 sossium.

935 1361 995 1398 Dis
1011 1360 1168 1409 gratiam
1189 1361 1321 1401 habeo.

202 1419 291 1455 Hem
306 1417 394 1456 istoc
407 1416 516 1456 verbo
528 1417 674 1455 animus
686 1418 777 1455 mihi
792 1418 914 1467 rediit,
928 1423 965 1457 et
976 1430 1066 1458 cura
1081 1430 1125 1458 ex
1143 1421 1253 1459 corde
1269 1421 1433 1460 excessit·

722 1490 906 1517 nummo.

199 1540 278 1576 lam
298 1548 342 1576 ea
360 1542 397 1576 te
412 1548 522 1575 causa
541 1547 712 1575 maxume
728 1549 825 1576 nunc
840 1537 913 1577 huc
930 1538 1085 1577 introire
1104 1539 1192 1578 nolo
1206 1555 1218 1578 ε

200 1598 292 1634 Nam
312 1596 341 1634 si
360 1595 552 1633 remittent
569 1595 760 1644 quippiam
779 1596 1035 1635 Philumenam
1052 1596 1214 1645 dolores,

200 1656 357 1692 Omnem
378 1664 458 1692 rem
477 1654 655 1701 narrabit,
670 1654 757 1699 scio,
775 1655 950 1693 continuo
968 1655 1049 1694 sola
1068 1655 1149 1695 soli.

200 1717 288 1761 Quae
305 1715 401 1752 inter
419 1725 483 1751 vos
502 1714 775 1759 intervenerint,
795 1715 894 1754 unde
910 1715 1036 1754 ortum
1054 1721 1111 1755 est
1131 1716 1276 1755 initium
1297 1718 1373 1756 irae.

201 1779 318 1822 Atque
337 1783 464 1812 eccum
480 1773 585 1811 video
605 1773 727 1823 ipsum
747 1774 887 1822 egredi.
904 1777 1024 1821 Quam
1042 1774 1186 1814 tristist.

714 1844 915 1872 sosrnan.

1192 1895 1224 1937 Ο
1239 1905 1292 1932 mi
1308 1900 1431 1944 gnate.

705 1962 924 1990 nunninus.

200 2012 278 2048 Mea
297 2013 427 2056 mater,
444 2008 556 2048 salve.

712 2080 911 2108 sosraua.

563 2127 713 2166 Gaudeo
732 2127 874 2167 venisse
888 2128 1042 2166 salvum.
1060 2129 1192 2169 salvan

200 2186 418 2225 Philumena
434 2187 515 2224 est?

236 2281 258 2303 ι.
279 2276 352 2304 C'est
364 2276 430 2304 bien
448 2274 476 2303 lia
494 2275 520 2303 le
539 2276 581 2303 cri
597 2276 635 2304 du
656 2285 734 2305 coeur
751 2277 906 2308 maternell
929 2277 1071 2319 Pamphile
1083 2281 1113 2307 et
1132 2281 1261 2310 Sostrata
1277 2286 1342 2311 sont
1354 2283 1428 2311 deux

199 2318 273 2346 fimes
293 2317 376 2345 saites
388 2325 460 2354 pour
471 2317 641 2345 s’entendre.
