1586 2658
170 261 217 297 50
479 267 482 270 ·
684 254 892 290 ΑΝῠΒΙΑ.

648 353 650 355 -
691 341 887 369 cuminus.

1166 387 1259 424 Rem
1273 390 1376 424 tenes

682 457 900 487 ranimirus.

176 517 270 553 Istuc
286 506 426 563 ipsum.

722 576 854 604 nnus.

436 632 555 677 Atque
573 627 670 665 istuc
685 625 806 674 ipsum
824 622 878 661 nil
900 620 1030 672 pericli
1048 625 1104 660 est
1123 634 1134 660 ς
1155 631 1215 659 me
1230 620 1329 661 vide.

687 692 907 722 nummus.

179 749 339 788 Obsecro
355 750 408 794 te,
423 742 698 795 quamprimum
717 742 786 780 hoc
803 740 996 779 meslibera
1011 738 1187 777 miserum
1202 742 1317 776 metu.

727 869 860 898 nAvus.

1308 916 1398 953 Hem

180 981 334 1025 Libero;
350 989 505 1020 uxorem
521 977 588 1018 tibi
604 987 678 1016 non
699 975 855 1024 datiam
870 974 1059 1012 Chremes.
1400 943 1414 963 '

687 1044 907 1074 nummus.

1058 1089 1127 1136 Qui
1145 1088 1240 1129 scis?

731 1161 864 1190 nnus.
1056 1153 1058 1156 ·
1338 1176 1341 1180 .

1284 1209 1381 1248 Scio.

183 1280 282 1316 Tuus
300 1279 406 1326 pater
424 1272 537 1312 modo
557 1282 618 1310 me
636 1268 833 1320 prehendit
859 1281 870 1306 z
891 1266 1030 1306 ait'tibi
1055 1278 1207 1305 uxorem
1222 1267 1316 1306 'dare
1337 1279 1419 1307 sese

183 1336 321 1382 Hodie3
341 1335 431 1372 item
452 1332 525 1370 alia
543 1331 681 1377 multa,
701 1340 784 1378 quae
804 1339 902 1366 nunc
919 1337 991 1364 non
1008 1330 1064 1365 est
1083 1327 1258 1364 narrandi
1276 1328 1393 1365 locus.

184 1395 363 1434 Continuo
381 1393 428 1432 ad
444 1397 481 1431 te
499 1401 703 1441 properans
724 1398 904 1438 percurro
924 1386 971 1424 ad
990 1387 1136 1434 forum,
1158 1391 1199 1424 ut
1218 1386 1339 1425 dicam
1352 1387 1420 1425 tibi

234 1456 322 1493 haec.
713 1474 716 1478 ‹

186 1514 251 1553 Ubi
267 1518 302 1551 te
318 1522 392 1550 non
409 1509 577 1555 invenio,
591 1507 642 1545 ibi
656 1505 813 1544 ascendo
827 1504 864 1542 in
877 1503 1063 1554 quendam
1077 1503 1264 1542 excelsum
1280 1505 1418 1543 locum.

187 1569 458 1619 circumspicio.
479 1571 679 1616 Nusquam.
695 1567 802 1602 Forte
822 1563 872 1601 ibi
889 1563 1001 1612 hujus
1014 1562 1120 1600 video
1136 1563 1301 1612 Byrriam
1312 1577 1323 1610 ;

188 1636 288 1679 Rogo
309 1644 318 1668 ε
340 1631 451 1677 negat
468 1626 617 1663 vidisse.
638 1623 724 1661 Mihi
745 1622 957 1660 molestum.
976 1621 1071 1668 Quid
1087 1632 1219 1670 agam,
1235 1622 1372 1670 cogito.

188 1687 367 1728 Redeunti
383 1687 524 1724 interea
540 1695 584 1723 ex
602 1684 680 1733 ipsa
692 1693 733 1720 re
751 1681 803 1719 mi
821 1681 950 1719 incidit
965 1680 1125 1730 suspicio
1146 1696 1157 1718 z
1179 1681 1286 1726 hem,

189 1748 380 1787 Paufulum
399 1744 530 1784 obsoni
548 1772 558 1782 .
575 1742 677 1792 ipsus
697 1741 833 1788 tristis;
855 1740 902 1778 de
921 1739 1120 1789 improviso
1139 1739 1277 1789 nuptiae
1294 1752 1306 1778 x

187 1811 265 1847 Non
286 1806 483 1846 cohaerent.
860 1829 862 1831 .

696 1869 916 1897 Pitumnus.

454 1922 724 1967 Quorsumnam
744 1917 869 1955 istuc?

739 1987 872 2014 nnus.

787 2037 861 2083 Ego
877 2044 937 2072 me
952 2032 1128 2072 continuo
1147 2031 1194 2070 ad
1210 2032 1424 2071 Chremem.

190 2104 310 2149 Quum
325 2101 388 2139 illo
403 2097 583 2145 advenio,
602 2093 763 2134 solitudo
782 2097 868 2131 ante
887 2092 1024 2131 ostium
1040 2091 1142 2141 :jam
1160 2091 1199 2129 id
1218 2091 1373 2140 gaudeo.

707 2163 901 2191 emamus.

192 2222 302 2258 Recte
319 2215 422 2256 dicis.
442 2217 446 2248 .“
467 2219 470 2222 ’

694 2279 912 2309 marmus.

438 2334 569 2380 Perge.
