1586 2658
178 221 227 258 η
592 208 594 211 ’
692 222 899 259 Annam.

738 312 854 340 SOSIA.

183 367 219 403 1n
240 364 421 403 memoria
438 364 574 404 habeo.

747 441 847 469 smo-

609 499 711 538 flaud
730 504 848 539 muto.

741 582 859 610 sosu.

876 637 1026 675 Factum
1043 638 1204 686 gaudeo,

184 695 220 733 Si
238 693 305 734 tibi
323 694 413 744 quid
432 693 503 732 seci
521 697 586 732 aut
603 692 698 732 facio
716 694 818 743 quod
842 694 1000 743 placeat,
1017 696 1130 744 Simo,

187 756 228 792 Et
246 753 284 791 id
301 756 445 800 gratum
466 751 578 791 fuisse
595 753 790 792 advorsum
806 757 843 792 te
859 753 980 793 habeo
997 754 1166 802 gratiam.

184 812 253 851 Sed
270 812 342 850 hoc
359 811 450 849 mihi
469 811 702 851 molestumst
721 825 730 850 :
747 823 834 850 nam
853 811 953 851 istaec
971 813 1275 852 commemoratio

185 872 292 916 Quasi
307 870 542 920 exprobratio
557 874 614 909 est
631 870 861 909 immemoris
876 871 1058 910 beneficii.

185 930 278 976 Quin
295 935 336 968 tu
354 940 427 968 uno
443 929 556 968 verbo
573 930 648 974 dic,
666 929 756 978 quid
772 934 841 977 est,
857 931 957 979 quod
978 941 1038 969 me
1055 930 1156 969 velis.

746 1010 843 1037 SIHO.

187 1065 398 1105 nasaniam.
419 1067 495 1103 Hoc
513 1064 677 1114 primum
695 1063 733 1102 in
753 1064 824 1102 hac
843 1075 882 1102 re
897 1064 1056 1113 praedico
1072 1064 1139 1103 tibi
1155 1077 1168 1104 ι

185 1129 283 1172 Quas
299 1124 419 1164 credis
435 1134 516 1163 esse
534 1123 617 1172 has,
633 1134 707 1162 non
724 1129 810 1161 sunt
823 1134 919 1162 verae
936 1123 1088 1174 nuptiae.

741 1209 861 1240 sonu.

185 1272 258 1308 Cur
272 1266 425 1307 simulas
439 1265 579 1315 igitur?

747 1341 849 1370 sino.

595 1397 687 1433 Rem
701 1406 848 1433 omnem
862 1406 883 1432 a
895 1395 1074 1444 principio
1088 1395 1239 1434 audies:

186 1460 234 1495 Eo
251 1460 359 1506 pacto
376 1459 414 1494 et
434 1454 534 1503 gnati
549 1453 662 1491 vitam
679 1458 716 1491 et
734 1453 925 1491 consilium
947 1464 1072 1491 meum

185 1519 402 1564 Cognosces,
420 1517 458 1552 et
475 1512 563 1562 quid
584 1512 704 1550 facere
726 1511 761 1549 in
787 1512 856 1550 hac
875 1516 968 1550 rete
983 1512 1107 1551 velim.

186 1578 277 1618 Nam
299 1574 330 1612 is
350 1578 546 1623 postquam
563 1570 716 1609 excessit
733 1582 776 1608 ex
796 1571 960 1619 ephebis,
981 1571 1094 1614 Sosia,

185 1634 349 1672 Liberius
363 1631 508 1670 vivendi
527 1630 598 1668 fuit
613 1634 787 1679 potestas.
809 1633 902 1667 Nam
917 1634 1026 1669 antea

185 1694 251 1739 Qui
272 1693 363 1731 scire
384 1702 526 1740 posses,
545 1694 609 1728 aut
628 1689 813 1738 ingenium
834 1701 1002 1737 noscere,

185 1756 276 1790 Dum
294 1756 410 1799 aetas,
433 1755 567 1797 metus,
583 1749 756 1797 magister
774 1749 1044 1797 prohibebant?

742 1819 872 1850 SOSIA.'

1070 1878 1123 1914 lta
1142 1880 1211 1916 est.

750 1952 849 1978 Simo.

185 2008 288 2053 Quod
308 1999 475 2057 plerique
495 2017 623 2044 omnes
642 2006 780 2044 faciunt
798 2006 1080 2054 adulescentuli,

183 2070 229 2105 Ut
244 2067 407 2104 animum
427 2065 474 2103 ad
493 2065 644 2113 aliquod
660 2065 822 2102 studium
837 2064 1055 2113 adjungant,
1071 2069 1135 2103 aut
1149 2076 1265 2114 equos

183 2126 304 2173 Alere,
321 2130 383 2163 aut
402 2135 511 2164 canes
530 2123 576 2161 ad
596 2123 819 2171 venandum,
835 2129 900 2162 aut
917 2125 963 2162 ad
984 2124 1233 2173 philosophos.

183 2187 321 2223 Horum
341 2183 406 2221 ille
423 2182 518 2220 nihil
537 2183 683 2231 egregie
703 2185 836 2231 praeter
850 2188 973 2222 cetera

183 2242 381 2290 Studebat3
401 2246 440 2280 et
457 2245 581 2280 tamen
602 2240 728 2279 omnia
747 2241 825 2279 haec
844 2242 1106 2282 mediocriter:

182 2301 408 2340 Gaudebam.
