1624 2632
268 245 332 280 186
537 257 548 283 t
770 246 992 283 HECYRA.

263 326 387 372 Neque
407 323 490 362 lites
508 324 594 363 ullae
612 322 710 362 inter
728 333 805 371 eas,
825 322 1026 371 postulatio

262 383 481 431 Numquam.

789 450 969 478 mitons.

498 498 591 545 Quid
613 498 754 547 igitur?

788 567 975 595 nummo.

760 615 796 653 Si
814 615 964 664 quando
981 615 1029 652 ad
1050 625 1131 653 eam
1152 615 1357 652 accesserat

261 674 559 718 confabulatum,
577 674 706 723 sugere
722 685 743 712 e
762 678 959 723 conspectu
976 673 1088 720 illico,

261 734 394 786 Videre
413 734 513 772 nolle
530 747 540 772 ε
562 733 722 783 denique
741 733 806 771 ubi
820 744 892 771 non
910 732 990 782 quit
1008 733 1098 782 pati,

261 793 416 831 Simulat
434 804 473 831 se
489 792 536 831 ad
556 796 711 830 matrem
732 793 868 831 accersi
887 792 935 829 ad
952 803 1030 829 rem
1049 790 1227 837 divinam,
1246 788 1334 827 abit.

263 851 327 889 Ubi
346 852 420 891 illic
436 851 516 890 dies
535 857 592 890 est
609 851 826 900 compluris,
845 851 983 890 accersi
1001 850 1110 899 jubet
1131 863 1141 888 ε

260 911 388 948 Dixere
405 921 554 949 causam
572 915 651 948 tum
663 911 787 948 nescio
805 921 930 959 quam.
953 912 1089 947 lterum
1105 908 1234 957 jubet;

259 971 376 1007 Nemo
397 969 552 1008 remisit.
574 972 771 1018 Postquam
791 969 946 1007 accersit
964 967 1112 1016 saepius,

260 1031 406 1075 AEgram
425 1039 504 1066 esse
523 1029 698 1066 simulant
719 1028 925 1067 mulierem.
944 1030 1076 1065 Nostra
1090 1026 1189 1064 illico

262 1089 288 1124 {t
305 1087 420 1125 visere
441 1087 487 1125 ad
504 1098 587 1125 eam
604 1101 614 1126 ε
635 1087 785 1125 admisit
803 1097 927 1125 nemo.
947 1088 1023 1124 Hoc
1044 1085 1107 1123 ubi
1126 1095 1236 1123 senex

260 1145 430 1193 Rescivit,
448 1146 530 1184 heri
548 1157 592 1184 ea
611 1157 721 1184 causa
736 1156 822 1184 rure
838 1145 910 1183 huc
926 1144 1088 1191 advenit,

261 1207 406 1242 Patrem
428 1205 604 1243 continuo
619 1205 790 1243 convenit
806 1204 1048 1242 Philumenae.

259 1262 353 1307 Quid
373 1262 515 1311 egerint
534 1262 631 1300 inter
646 1273 698 1307 se,
722 1261 887 1300 nondum
907 1261 1019 1299 etiam
1035 1260 1110 1298 scio
1128 1272 1137 1296 :

259 1320 334 1358 Nisi
354 1332 442 1359 sane
457 1331 554 1360 curae
570 1326 639 1369 est,
658 1332 835 1370 quorsum
854 1325 1070 1359 eventurum
1087 1319 1159 1356 hoc
1174 1317 1257 1355 siet.

259 1380 379 1418 Habes
396 1391 546 1419 omnem
566 1391 646 1419 rem
665 1394 674 1419 :
691 1391 842 1430 pergam
864 1390 938 1429 quo
953 1379 1048 1428 coepi
1067 1378 1137 1416 hoc
1155 1377 1239 1415 iter.

789 1449 969 1478 PHILOTIS.

259 1500 300 1535 Et
316 1498 467 1547 quidem
488 1507 556 1546 ego
577 1511 588 1537 ε
606 1509 693 1536 nam
709 1498 881 1536 constitui
899 1508 985 1536 cum
1002 1496 1164 1546 quodam
1185 1494 1328 1542 hospite

223 1551 226 1555 ’
259 1558 312 1595 Me
333 1567 413 1595 esse
433 1557 538 1595 illum
555 1562 830 1596 conventuram.

787 1626 973 1653 mammo.

849 1675 890 1711 Di
906 1676 1051 1711 vortant
1068 1672 1163 1709 bene

259 1733 364 1778 Quod
378 1743 480 1782 agas·

786 1802 964 1829 PHILOTIS.

495 1849 597 1889 vaje.

783 1919 972 1948 PARMENO.

610 1970 653 2006 Et
671 1972 709 2005 tu
729 1968 822 2006 bene
839 1968 934 2014 vale,
952 1966 1164 2004 Philotium.
