1624 2632
591 306 803 357 ACTUS
848 307 1091 357 PRIMUS

719 603 907 645 SCENA
940 603 973 644 1.

636 727 887 767 PHILOTIS,
913 726 1053 761 SYRA-

759 857 940 885 patmus.

229 909 298 946 Per
315 907 378 956 pol
393 917 506 956 quam
522 916 661 956 paucos
675 906 841 955 reperias
857 904 1113 944 meretricibus

229 966 363 1005 Fidelis
380 966 529 1005 evenire
544 970 744 1013 amatores,
759 967 862 1014 Syra.

229 1027 295 1064 Vel
310 1025 369 1064 hic
387 1024 602 1074 Pamphilus
615 1024 766 1073 jurabat
777 1023 953 1073 quotiens
964 1021 1149 1070 Bacchidi,

229 1087 348 1131 Quam
364 1089 503 1132 sancte,
524 1088 566 1122 ut
579 1083 699 1133 quivis
717 1083 825 1121 saeue
843 1087 967 1132 posset
984 1081 1153 1127 credere,

230 1147 438 1193 Numquam
451 1144 515 1182 illa
531 1143 612 1181 viva
630 1143 830 1181 ducturum
847 1153 1001 1180 uxorem
1015 1141 1181 1179 domum.

229 1205 320 1242 Hem
335 1203 450 1242 duxit.

792 1272 904 1300 suu.

467 1324 561 1370 Ergo
584 1324 783 1369 propterea
798 1326 836 1359 te
852 1319 983 1359 sedulo

233 1385 276 1420 Et
288 1392 422 1420 moneo
437 1385 476 1419 et
495 1380 638 1427 hortor,
654 1390 702 1417 ne
720 1379 942 1428 cujusquam
959 1377 1147 1422 miserens,
1188 1417 1190 1419 ,

231 1441 326 1487 Quin
344 1439 492 1490 spolies,
507 1438 671 1486 mutiles,
691 1438 845 1481 laceres,
865 1448 1052 1487 quemque
1069 1440 1178 1475 nacta
1192 1434 1255 1474 sis.

762 1508 942 1536 umens.

231 1560 316 1599 Utin
329 1559 507 1598 eximium
518 1558 707 1597 neminem
721 1557 904 1596 habeam?

800 1627 910 1655 stu.

273 1728 277 1730 ἡ
908 1673 1102 1714 Neminem
1121 1687 1132 1713 ε

234 1743 326 1779 Nam
339 1750 451 1779 nemo
467 1738 618 1777 illorum
633 1737 830 1786 quisquam
848 1735 941 1774 scito
958 1734 1006 1773 ad
1021 1738 1058 1773 te
1075 1733 1190 1782 venit,

234 1800 331 1846 Quin
350 1799 400 1837 ita
420 1802 528 1848 paret
547 1808 603 1845 se,
620 1796 736 1835 abste
749 1800 791 1834 ut
803 1794 995 1833 blanditiis
1010 1793 1089 1832 suis

236 1862 354 1906 Quam
372 1857 527 1897 minimo
548 1857 669 1907 pretio
681 1867 787 1894 suam
800 1855 1029 1904 voluptatem
1043 1853 1201 1902 expleat.

237 1918 379 1957 Hiscine
397 1922 437 1957 tu
457 1917 590 1956 amabo
605 1926 681 1954 non
696 1918 826 1954 contra
841 1912 1091 1952 insidiabere?

766 1983 944 2012 emmaus.

239 2040 375 2076 Tamen
394 2035 458 2085 pol
477 2034 648 2074 eamdem
667 2033 882 2082 injuriumst
898 2042 979 2070 esse
993 2029 1179 2070 omnibus.

801 2162 912 2189 snm.

240 2213 420 2263 injurium
437 2217 561 2251 autem
579 2216 648 2259 est,
669 2210 794 2249 ulcisci
810 2206 1069 2248 adversarios?

241 2277 313 2313 Aut
325 2285 400 2322 qua
417 2273 476 2311 via
491 2277 527 2311 te
540 2276 702 2320 captent,
719 2269 851 2308 eadem
863 2268 964 2318 ipsos
974 2266 1058 2316 capi
1069 2267 1090 2304 ἳ
