1624 2632
271 234 337 272 384
551 232 791 270 HEAUTON
821 230 1214 269 TlMORUMENOS.

793 324 971 352 annuns.

1140 372 1240 420 Syre.

818 441 949 469 snus.

1241 490 1344 528 Hem.

795 558 973 586 cunnus.

269 607 360 653 Quid
379 609 459 646 est?

815 676 944 703 snus.

461 728 510 763 Te
530 723 582 762 mi
598 724 719 774 ipsum
736 723 959 774 jamdudum
980 723 1155 772 optabam
1175 722 1268 760 dari.

792 793 969 821 cunnum.

268 842 400 881 Videre
419 842 534 891 egisse
552 842 632 891 jam
648 841 771 880 nescio
789 841 878 890 quid
894 852 978 879 cum
1003 851 1102 878 sene.

815 969 947 995 snus.
1160 974 1166 978 ·

267 1022 314 1058 De
334 1020 398 1057 illo
418 1019 518 1068 quod
536 1018 703 1057 dudum?
723 1017 867 1056 Dictum
889 1017 1028 1054 factum
1048 1015 1207 1055 reddidi.

230 1122 239 1132 ι
276 1123 278 1125 ‚
301 1117 303 1122 ,
792 1086 974 1113 cuncus.

267 1140 390 1180 Bonan
411 1137 508 1174 fide?

819 1204 948 1231 snus.

514 1255 614 1291 Bona
633 1252 774 1291 hercle.

793 1321 971 1349 CHREMES.

744 1415 746 1417 V
785 1372 864 1406 Non
884 1379 1034 1417 possum
1055 1368 1146 1418 pati,

266 1430 360 1476 Quin
379 1430 445 1467 tibi
461 1433 573 1478 caput
591 1428 824 1467 demulceam
843 1442 851 1463 :
870 1428 1004 1466 accede
1020 1429 1106 1475 huc,
1125 1430 1241 1476 Syre:

268 1489 413 1528 Faciam
428 1487 517 1527 boni
535 1487 604 1525 tibi
623 1487 764 1536 aliquid
785 1498 852 1535 pro
871 1486 941 1524 ista
961 1497 1017 1534 re,
1043 1498 1085 1525 ac
1103 1487 1247 1525 lubens.

821 1556 951 1582 smus.

269 1611 313 1644 At
331 1606 363 1643 si
387 1605 480 1643 scias
497 1615 610 1654 quam
631 1605 721 1642 scite
742 1604 779 1641 in
800 1608 964 1641 mentem
985 1604 1139 1642 venerit.

796 1672 974 1700 caumes.

269 1726 361 1772 Vah,
385 1723 542 1773 gloriare
562 1721 727 1760 evenisse
749 1731 792 1758 ex
815 1720 1023 1758 sententia?

303 1778 307 1782 ’
348 1832 351 1837 1
822 1791 948 1818 smus.

269 1847 347 1882 Non
367 1842 492 1882 hercle
510 1852 614 1889 vero,
633 1850 763 1878 verum
781 1838 912 1877 dico...

798 1909 976 1936 cuncus.

920 1956 997 2005 DIc,
1016 1955 1107 2005 quid
1125 1958 1208 1996 est?

819 2026 950 2053 snos.

270 2071 574 2125 Tui'Clitiphonis
592 2085 673 2113 esse
695 2073 853 2112 amicam
873 2074 968 2111 hanc
986 2074 1205 2112 Bacchidem

272 2135 485 2175 Menedemo
503 2133 595 2172 dixit
610 2127 746 2180 Clinia3
766 2137 805 2170 et
822 2143 867 2170 ea
884 2132 1003 2180 gratia

271 2197 400 2234 Secum
420 2193 629 2238 adduxisse,
649 2202 696 2231 ne
718 2196 758 2229 tu
777 2191 816 2229 id
831 2190 1130 2240 persentisceres.

798 2260 975 2288 cunnus.

272 2312 401 2351 Probe.
