1624 2632
798 118 802 139 l

302 230 371 266 310
586 229 827 266 HEAUTON
858 227 1252 266 TlMORUMENos.

855 321 985 349 smus.

300 371 455 411 Aurum.
478 372 616 406 vestem
637 381 645 406 :
665 373 702 407 et
722 369 959 417 vesperascit,
976 372 1014 406 et
1032 378 1106 406 non
1124 370 1306 405 noverunt
1323 366 1431 403 viam.

298 429 447 465 Factum
470 438 492 464 a
508 427 611 466 nobis
630 428 742 466 stulte
761 432 830 466 est.
846 427 914 466 Abi
928 427 1019 465 dum
1037 431 1092 475 tu,
1109 429 1261 473 Dromo,
1276 425 1349 463 illis
1364 424 1535 464 obviam:

298 488 458 535 Propera
474 500 484 525 ε
502 485 595 537 quid>
609 488 710 525 stas?

851 556 983 583 cmxiii.

724 606 787 643 Vae
803 604 940 642 misero
960 603 1067 651 mihi,
1086 606 1225 652 quanta
1240 601 1287 640 de
1309 612 1375 650 spe
1394 601 1534 640 decidi!

828 674 1013 702 curinio.

297 719 393 766 Quid
411 720 505 764 istuc
517 722 536 759 ⁶!
555 731 638 770 quae
656 732 716 760 res
733 726 771 760 te
794 720 966 760 sollicitat
981 724 1106 759 autem
1117 721 1137 757 ἵ

855 791 989 818 cunni.
1039 779 1045 784 '

1151 836 1301 885 Rogitas
1314 836 1405 886 quid
1423 837 1521 876 siet?

298 897 414 934 Viden
439 901 479 935 tu
504 897 672 945 ancillas,
693 909 842 944 aurum,
862 902 1025 943 vestem,
1043 907 1155 945 quam
1177 906 1246 944 ego
1265 906 1350 934 cum
1375 907 1448 934 una
1472 907 1537 934 an-

345 955 471 993 cillula

298 1013 361 1052 Hic
379 1014 541 1064 reliqui?
562 1014 663 1053 Unde
682 1025 762 1053 esse
782 1016 937 1052 censes?

825 1086 1007 1114 cmiruo.

952 1133 1047 1180 Vah,
1064 1143 1163 1170 nunc
1179 1133 1330 1170 demum
1345 1133 1535 1182 intellego.

483 1234 487 1237 ,
854 1203 983 1230 snus.

298 1252 337 1289 Di
359 1252 460 1300 boni,
479 1252 570 1301 quid
587 1251 759 1290 turbaest!
779 1251 890 1289 AEdes
909 1256 1045 1289 nostrae
1060 1250 1118 1287 vix
1132 1250 1292 1298 capient,
1309 1249 1397 1288 scio.

298 1310 391 1356 Quid
411 1311 624 1349 comedent!
650 1310 745 1355 Quid
765 1310 934 1348 ebibent!
958 1309 1051 1356 Quid
1074 1319 1160 1347 sene
1185 1309 1255 1346 erit
1278 1314 1402 1346 nostro
1424 1309 1536 1348 mise·

347 1370 451 1408 rius?

299 1429 371 1467 Sed
390 1429 495 1468 video
513 1440 620 1468 eccos
637 1440 728 1478 quos
749 1429 932 1467 volebam.

388 1485 390 1488 ’
850 1499 986 1527 cmm.

803 1594 807 1597 ²
943 1549 972 1585 Ο
987 1549 1148 1596 Jupiter!
1172 1545 1323 1584 ubinam
1342 1551 1397 1583 est
1418 1547 1537 1585 tides?

299 1609 391 1644 Dum
402 1617 470 1655 ego
482 1612 634 1656 propter
646 1611 683 1645 te
692 1617 820 1644 errans
830 1606 950 1655 patria
960 1617 1069 1644 careo
1080 1605 1247 1647 demens,
1263 1609 1302 1641 tu
1315 1604 1455 1642 interea
1466 1606 1536 1644 loct

298 1665 611 1714 Conlocupletasti
624 1670 674 1712 te,
690 1665 894 1714 Antiphila,
906 1669 944 1702 et
957 1675 1016 1702 me
1030 1665 1067 1701 in
1080 1663 1138 1701 his
1151 1663 1346 1701 deseruisti
1361 1663 1468 1701 malis
1476 1678 1487 1711 3

299 1727 455 1773 Propter
475 1735 587 1773 quam
608 1724 645 1762 in
665 1735 812 1762 summa
833 1723 987 1761 infamia
1004 1733 1117 1767 sum,
1140 1726 1179 1760 et
1197 1732 1281 1760 meo
1301 1723 1398 1771 patri
1415 1723 1536 1762 minus

345 1794 427 1821 sum
443 1783 652 1832 obsequens
659 1797 671 1831 ;

297 1839 411 1888 Cujus
429 1849 526 1877 nunc
539 1838 653 1888 pudet
667 1849 728 1878 me
748 1843 786 1877 et
809 1837 976 1887 miseret,
995 1837 1059 1887 qui
1076 1837 1207 1876 harum
1227 1847 1350 1876 mores
1363 1837 1535 1876 cantabat

346 1898 451 1945 mihi,

296 1958 479 1995 Monuisse
500 1957 650 2001 frustra,
670 1967 792 2006 neque
819 1956 983 2006 potuisse
1005 1966 1092 1994 eum
1113 1966 1290 2004 umquam
1311 1955 1358 1993 ab
1378 1955 1449 1994 hae
1472 1966 1534 1994 me

343 2016 540 2064 expellere.

295 2075 400 2122 Quod
418 2079 542 2112 tamen
566 2085 663 2113 nuuc
686 2073 821 2113 faciam
842 2087 852 2113 :
871 2078 967 2123 tum,
988 2084 1106 2124 quum
1124 2078 1270 2122 gratum
1291 2070 1343 2111 mi
1362 2084 1442 2112 esse
1466 2084 1533 2122 po-

342 2134 427 2181 tuit,
443 2134 560 2173 nolui.

294 2195 411 2234 Nemo
430 2196 486 2230 est
506 2192 677 2231 miserior
693 2203 766 2231 me.

330 2323 357 2350 ¹.
371 2322 412 2350 On
425 2324 538 2356 penten
551 2320 611 2349 voir
620 2321 756 2359 quelques
766 2322 954 2352 echautillons
962 2322 1032 2351 dans
1043 2323 1084 2351 les
1097 2323 1262 2360 Dialogues
1276 2322 1327 2352 clu
1339 2323 1530 2351 cour-tisana
