1586 2658
173 236 242 273 134
494 233 497 237 ’
684 234 892 272 ANDRlA.

723 326 857 355 υΛνυε.

411 372 689 421 Quamobrem?

743 443 843 470 suno.
860 456 863 459 ι

624 490 718 537 Quia
739 490 854 528 lubet.
878 493 981 539 Rape
998 489 1163 540 inquam.

720 560 855 588 navus.

1120 605 1216 653 Quid
1233 605 1329 644 teci?

743 676 843 705 suro.

1296 725 1411 772 Rape,

728 795 861 823 navus.

176 845 215 884 Si
231 842 430 894 quiequam
446 843 610 883 invenies
622 853 682 883 me
701 844 913 891 mentitum,
932 841 1103 882 occidito.

744 913 843 940 smo-

1123 959 1223 999 Nihil
1239 959 1363 998 audio.

179 1024 252 1071 Ego
268 1022 348 1070 jam
366 1025 404 1061 te
421 1025 647 1061 commotum
667 1021 837 1059 reddam.

726 1090 858 1117 mvus.

769 1141 907 1176 Tamen
930 1138 1002 1176 etsi
1019 1137 1093 1177 hoc
1111 1147 1238 1177 verum
1259 1139 1345 1176 est?

745 1208 845 1235 suno.

1262 1257 1412 1294 Tamen.

176 1318 273 1355 Cura
307 1314 575 1354 adservandum
607 1314 783 1352 vinctum.
813 1318 932 1362 Atque
947 1314 1104 1356 audin?
1134 1314 1415 1364 quadrupedem

225 1374 478 1422 constringite.

176 1437 254 1482 Age
270 1444 367 1471 nunc
381 1432 462 1481 jam
481 1446 491 1471 ε
510 1443 579 1481 ego
595 1432 657 1481 pol
678 1431 804 1476 hodie,
821 1431 852 1469 si
873 1431 967 1478 vivo,
989 1431 1056 1470 tibi

175 1492 375 1544 Ostendam
391 1492 482 1540 quid
497 1491 632 1529 herum
650 1490 698 1528 sit
716 1489 845 1539 pericli
865 1490 1012 1538 fallere,

177 1553 221 1590 Et
237 1550 291 1589 illi
308 1554 464 1600 patrem.

707 1619 884 1647 CHREMES.

487 1667 544 1705 Ah
563 1678 611 1705 ne
629 1678 713 1706 saevi
733 1671 938 1716 tantopere.

750 1737 847 1764 smo.

959 1786 989 1824 Ο
1008 1784 1178 1833 Chreme,

178 1845 356 1884 Pietatem
374 1845 486 1893 gnati.
507 1847 637 1883 Nonne
655 1848 691 1883 te
709 1845 862 1882 miseret
880 1843 982 1882 mei?

178 1908 334 1942 Tantum
353 1903 520 1942 laborem
537 1914 670 1952 capere
690 1903 738 1942 ob
755 1903 869 1941 talem
890 1902 1035 1940 filium?

178 1967 251 2012 Age
270 1963 484 2011 Pamphile:
502 1963 560 2001 exi
576 1962 768 2011 Pamphile
787 1976 795 1999 :
817 1961 951 2010 ecquid
970 1965 1006 1999 te
1025 1961 1169 2010 pudet?

649 2074 836 2114 SCENA
863 2074 941 2113 III.

423 2171 726 2212 PAMPHILUS,
753 2171 890 2211 snio,
916 2169 1162 2205 CHREMES.

683 2269 902 2296 PAMPHILUS.

176 2317 264 2361 Quis
282 2327 341 2355 me
358 2315 460 2355 volt?
478 2315 590 2362 Perii,
608 2310 719 2364 pate'r
739 2321 805 2356 est.
