1624 2632
269 209 340 247 no
552 208 795 246 HEAUTON
830 209 1222 248 TIMORUMENOS.

793 301 973 328 canens.

577 350 710 387 Decem
729 348 875 387 dierum
896 349 951 387 vix
967 349 1019 388 mi
1037 353 1096 388 est
1112 349 1268 389 samnia.

771 419 1001 447 mensuruus.

269 461 391 507 Quid?
407 464 502 501 istuc
518 462 643 512 times,
662 464 761 513 quod
780 464 843 502 iile
858 474 1012 514 operam
1031 464 1151 503 amico
1167 464 1232 503 dat
1249 465 1345 503 suo?

794 533 974 562 cnaeus.

271 581 386 617 lmmo
403 578 505 629 quod
519 580 660 627 amicae.

772 651 1004 679 nummus.

673 698 711 736 Si
729 698 806 737 dau

798 769 979 796 canens.

816 821 870 855 An
890 816 1046 854 dubium
1062 816 1099 854 id
1120 816 1187 854 libi
1207 819 1290 854 est?

270 876 500 924 Quemquam
519 875 643 913 animo
663 879 739 913 tam
756 875 942 914 communi
962 886 1042 914 esse
1063 880 1127 913 aut
1145 875 1220 913 leni
1235 881 1357 924 putas,

270 933 353 981 Qui,
373 945 413 972 se
429 934 591 982 vidente,
610 933 766 972 amicam
786 935 948 983 patiatur
963 937 1095 973 suam?

775 1006 1003 1033 mensurnus.

269 1052 436 1098 Quidni?
453 1056 533 1100 Quo
546 1054 657 1092 verba
681 1052 827 1092 facilius
843 1054 978 1092 dentur
991 1053 1097 1092 mihi.

799 1124 978 1151 cuneum.

270 1171 422 1210 Derides
442 1172 590 1210 merito.
605 1172 696 1212 Mihi
715 1182 812 1210 nunc
829 1183 897 1220 ego
913 1182 1126 1210 succenseo.

270 1232 365 1276 Quot
380 1242 439 1269 res
459 1231 607 1275 dedere,
632 1231 694 1269 ubi
714 1242 860 1279 possem
883 1231 1163 1279 persentiscere,

271 1290 348 1328 Nisi
365 1300 486 1328 essem
506 1290 624 1338 lapis?
641 1292 729 1336 Quae
748 1289 849 1327 vidi?
874 1292 934 1328 Vae
952 1290 1088 1327 misero
1106 1289 1216 1328 mihi!

272 1353 316 1386 At
334 1360 390 1387 nae
408 1349 501 1387 illud
517 1349 616 1387 haud
634 1349 806 1395 inultum,
829 1348 859 1386 si
872 1348 964 1393 vivo,
988 1348 1121 1387 ferent.

272 1411 364 1447 Nam
381 1408 507 1456 jam...

779 1478 1011 1505 mensurnus.

527 1529 607 1565 Non
626 1530 664 1564 tu
687 1530 723 1564 te
739 1526 891 1564 cohibes
902 1528 920 1562 ‘2
939 1528 1020 1563 Non
1035 1530 1072 1564 te
1089 1524 1267 1574 respicis?

273 1589 351 1625 Non
372 1585 438 1625 tibi
451 1596 521 1634 ego
537 1585 698 1635 exempli
713 1585 805 1623 satis
825 1587 937 1622 sum?

800 1653 980 1682 cunnus.

952 1704 1031 1740 Prae
1046 1700 1249 1747 iracundia,

275 1762 505 1810 Menedeme,
521 1772 597 1800 non
616 1772 699 1800 sum
715 1761 816 1811 apud
832 1771 906 1799 me.

779 1831 1010 1860 ammanus.

926 1882 1025 1917 Tene
1040 1877 1135 1917 istuc
1151 1877 1282 1928 loqui?

278 1941 408 1977 Nonne
425 1938 465 1977 id
482 1938 710 1989 ssaguiumst,
732 1943 769 1978 te
788 1938 869 1977 aliis
887 1938 1082 1977 consilium
1102 1939 1207 1986 dare,

279 1998 382 2037 Foris
400 2010 544 2048 sapere,
558 1999 627 2038 tibi
641 2010 715 2038 non
734 2009 841 2048 posse
860 1997 1101 2036 auxiliarier?

806 2068 984 2096 canamus.

256 2128 260 2132 “
271 2116 375 2163 ‘Quid
391 2116 522 2156 faciam
530 2119 550 2156 ‘2

781 2186 1017 2215 nnnnnnmus.

570 2236 608 2274 ld
627 2236 729 2285 quod
745 2246 804 2274 me
826 2234 956 2273 fecisse
975 2232 1101 2273 aiebas
1118 2243 1265 2283 parum.

285 2296 354 2333 Fac
373 2301 409 2334 te
425 2301 569 2345 patrem
588 2306 670 2335 esse
683 2295 817 2334 sentiat
835 2308 844 2334 :
862 2294 920 2333 fac
936 2298 975 2332 ut
991 2293 1127 2332 audem.
