1586 2658
163 222 209 272 ω
679 237 892 275 Annam.

732 328 865 424 1³21&OE
880 374 1118 424 expectabam
1134 372 1301 423 quidem.

168 493 306 530 Praeter
319 500 424 541 spem
439 491 562 530 evenit
579 504 592 531 ε
608 445 851 530 εεηῑίουζῖιὲῗ
869 491 966 531 male
982 491 1097 531 habet
1111 489 1244 530 virum.

736 619 838 648 sino.

167 665 316 706 Potines
330 667 424 706 mihi
444 678 571 706 verum
589 667 740 706 dicere?

724 736 855 764 nnus.

757 784 855 822 Nihil
876 783 1034 823 facilius.

735 854 834 881 suro.

170 904 265 940 Num
279 901 334 940 illi
349 901 515 940 molestae
528 900 719 950 quippiam
739 901 795 940 hae
809 905 894 939 sunt
908 900 1059 949 nuptiae,

171 962 327 1009 Propter
345 960 502 1007 hujusce
522 960 684 1010 hospitai
699 958 1031 998 consuetudinem?

725 1029 859 1056 nnus.

170 1076 272 1115 Nihil
284 1076 410 1115 hercle
428 1089 438 1115 :
457 1080 534 1122 aut,
552 1077 584 1114 si
601 1076 710 1120 adeo,
730 1076 835 1114 bidui
854 1080 909 1114 est
928 1080 991 1113 aut
1007 1074 1121 1113 tridui

171 1138 254 1174 Haec
271 1135 480 1175 sollicitudo
497 1148 507 1174 ε
524 1136 621 1174 nosti
638 1148 648 1174 :
666 1134 801 1174 deinde
817 1135 975 1173 desinet.

166 1195 314 1233 'Etenim
331 1195 433 1245 ipsus
450 1205 575 1233 secum
591 1205 670 1233 rem
693 1198 795 1233 recta
811 1191 996 1242 reputavit
1015 1192 1086 1231 via.

739 1263 835 1291 snio.

171 1312 310 1352 Laudo.

726 1380 859 1408 nnus.

338 1432 433 1468 Dum
451 1429 594 1468 licitum
613 1432 668 1467 est
684 1428 748 1471 eii,
771 1429 934 1478 dumque
949 1432 1038 1466 aetas
1051 1426 1148 1468 tulit.

172 1489 345 1528 Amavit:
363 1493 443 1527 tum
464 1488 502 1527 id
519 1489 616 1527 clam
632 1501 642 1526 z
661 1487 771 1535 cavit,
790 1498 836 1526 ne
855 1497 1032 1535 umquam
1050 1485 1210 1524 infamiae

173 1554 226 1589 Ea
244 1561 303 1589 res
321 1549 391 1588 sibi
405 1554 517 1597 esset,
534 1553 575 1587 ut
590 1549 710 1587 virum
726 1548 860 1586 fortem
875 1547 982 1586 decet
999 1561 1008 1585 :

175 1614 278 1650 Nunc
293 1621 407 1649 uxore
422 1621 517 1660 opus
535 1614 616 1648 est:
634 1609 800 1647 animum
816 1609 863 1646 ad
881 1618 1034 1646 uxorem
1050 1605 1205 1658 adpulit.

743 1679 843 1706 smo.

172 1727 367 1767 Subtristis
383 1727 500 1765 visust
517 1737 598 1765 esse
618 1726 891 1775 aliquantulum
910 1725 1015 1763 mihi.

728 1797 804 1823 mv
829 1796 859 1823 s.

175 1847 273 1885 Nihil
290 1849 443 1895 propter
461 1844 557 1883 hanc
573 1854 654 1882 rem
674 1857 684 1882 z
706 1844 771 1882 sed
791 1798 861 1892 εὲῐ,
880 1843 982 1893 quod
996 1845 1184 1881 succenset
1198 1839 1279 1880 tihi.

748 1914 848 1941 suro.
897 1923 901 1926 ψ

174 1963 417 2010 Quidnamst?

724 2031 863 2059 nnus.

390 2078 584 2118 Puerilest.

720 2162 722 2165 >
743 2149 844 2177 suro.

601 2195 698 2242 Quid
712 2196 749 2234 id
765 2198 848 2235 est?

730 2254 863 2283 nnus.

848 2311 963 2351 Nihil.
980 2291 984 2294 ’
