1586 2658
232 238 299 273 144
742 235 949 272 ANDRM.

231 321 321 356 Nam
341 327 408 366 ego
425 327 508 366 quae
525 315 621 363 dico,
642 325 729 355 vera
743 326 790 353 an
806 315 899 353 falsa
916 313 1092 361 audieris,
1104 324 1185 362 Jam
1201 314 1285 351 sciri
1303 317 1438 362 potest.

214 377 370 422 'Atticus
386 374 538 424 quidam
556 374 647 413 olim
665 374 749 413 navi
765 374 884 412 fracta
899 373 948 411 ad
964 371 1131 410 Andrum
1151 371 1292 421 ejectus
1313 376 1382 418 est,

231 437 273 472 Et
294 434 394 473 istaec
413 444 485 471 una
503 443 616 482 parva
631 433 749 481 virgo.
768 435 862 470 Tum
881 431 944 470 ille
961 441 1072 481 egens
1087 430 1183 470 forte
1204 430 1365 480 adplicat

232 493 394 531 Primum
413 492 460 531 ad
480 490 668 543 Chrysidis
686 495 830 542 patrem
847 501 901 529 se.

794 619 894 647 emo.

916 666 1094 705 Fabulam
1112 666 1286 715 inceptat.

756 736 935 765 caumes.

777 783 779 785 ’
1316 784 1418 822 Sine.

790 855 909 882 curro.

233 911 333 946 Itane
349 907 461 945 vero?
479 905 667 944 obturbat.

759 971 936 1000 canamus.

680 1024 794 1068 Perge
813 1025 867 1058 tu.

790 1090 910 1116 emm.

960 1139 992 1175 Is
1006 1136 1100 1175 mihi
1117 1141 1294 1186 cognatus
1311 1137 1395 1187 fuit,

231 1205 301 1248 Qul
326 1211 413 1239 eum
445 1199 598 1248 recepit.
635 1198 687 1236 lbi
720 1207 789 1245 ego
818 1196 943 1235 audivi
974 1207 1019 1235 ex
1049 1195 1116 1235 illo
1149 1207 1229 1236 sese
1259 1208 1340 1237 esse
1375 1196 1469 1237 Atti-

278 1274 375 1302 cum.

233 1325 265 1361 Is
281 1322 333 1360 ibi
351 1325 520 1360 mortuus
539 1324 608 1358 est.
889 1347 894 1351 .

761 1387 938 1415 cunnus.

586 1436 677 1484 Ejus
694 1446 828 1474 nomen
839 1438 858 1473 ⁶?

789 1506 908 1532 cmro.

841 1556 982 1592 Nomen
1000 1557 1076 1592 tam
1095 1556 1199 1593 olto?

736 1622 954 1652 marmus.

1180 1672 1330 1711 Phania.

756 1740 936 1770 cunnus.

1361 1796 1467 1843 Hem,

231 1854 340 1894 Perit.

787 1920 908 1949 cmro.

359 1973 495 2009 Verum
513 1969 640 2008 hercle
658 1969 793 2018 opinor
810 1968 925 2007 fuisse
936 1968 1124 2007 >Phaniam
1140 1981 1150 2007 :
1168 1969 1240 2007 hoc
1251 1974 1354 2008 certo
1374 1970 1466 2018 scio,

229 2029 497 2068 Rhamnusium
514 2040 553 2067 se
569 2028 694 2067 aiebat
712 2038 805 2066 esse.

757 2097 936 2125 cnnssmzs.

802 2147 832 2184 Ο
846 2143 1042 2195 Iuppiter:

784 2215 904 2243 cmm.

1026 2262 1162 2302 Eadem
1181 2263 1274 2311 haec,
1291 2263 1466 2311 Chreme,

229 2322 333 2363 Multi
351 2321 416 2362 alii
436 2323 474 2361 in
494 2322 620 2361 Andro
640 2322 829 2361 audivere.
