1624 2632
250 191 324 229 254
759 194 979 233 HECYRA.

256 326 394 379 tepida
411 338 466 368 es.
488 329 560 368 Sed
577 340 653 369 scm
670 330 760 379 quid
780 284 1003 382 voiguggtius
1020 332 1131 373 sodes
1145 334 1288 373 facias?

790 458 952 488 moenis.

1235 512 1359 558 Quid?
1377 513 1492 553 Cedo.

803 577 954 606 menas.

259 626 326 663 Eas
340 624 388 662 ad
406 624 578 664 mulieres
596 625 669 663 huc
683 624 796 672 intro,
814 631 924 675 atque
944 626 1038 666 istuc
1056 627 1316 676 Jusjumndum
1335 629 1435 669 idem

260 683 459 722 Polliceare
477 683 562 722 illis.
578 684 689 733 Exple
705 683 871 722 animum
887 685 948 733 iis,
963 690 1071 735 teque
1088 686 1158 725 hoc
1169 686 1320 726 crimine
1340 688 1492 738 expedi.

790 813 957 841 uccms.

261 859 406 897 Faciam
429 873 438 898 :
459 860 559 908 quod
580 860 665 910 pol,
690 859 721 898 si
746 864 844 899 esset
861 861 935 899 alia
950 871 994 900 ex
1013 861 1083 900 hoc
1099 868 1254 912 quaestu,
1276 863 1376 902 haud
1396 863 1496 903 face·

307 922 376 963 ret,
395 918 491 965 sci03

263 980 306 1015 Ut
322 977 446 1015 detali
465 988 577 1016 causa
593 982 717 1026 nuptae
733 978 881 1016 mulieri
894 989 934 1017 se
955 980 1181 1018 ostenderet.

261 1036 332 1074 Sed
345 1035 433 1074 nolo
452 1035 544 1073 salsa
567 1036 667 1073 fama
690 1047 771 1075 esse
793 1041 943 1084 gnatum
963 1042 1175 1086 suspectum
1196 1041 1325 1087 tuum3

261 1098 333 1134 Nec
348 1096 524 1134 leviorem
540 1095 659 1140 vobis,
680 1095 816 1144 quibus
827 1100 884 1134 est
898 1095 1062 1135 minume
1080 1108 1240 1146 aequom,
1263 1097 1421 1137 viderier

263 1155 436 1193 Inmerito
454 1168 462 1192 :
483 1165 569 1192 nam
588 1153 742 1194 meritus
761 1154 808 1194 de
827 1165 887 1193 me
906 1159 977 1203 est,
991 1156 1094 1205 quod
1109 1166 1257 1205 queam,
1276 1156 1330 1195 illi
1345 1161 1387 1196 ut
1397 1167 1498 1197 com-

309 1213 474 1253 medem.

803 1282 953 1311 nenas.

263 1330 420 1370 Facilem
437 1330 722 1380 benivolumque
742 1331 868 1379 lingua
884 1335 948 1368 tua
962 1330 1041 1380 jam
1060 1330 1128 1369 tibi
1147 1342 1208 1370 me
1227 1332 1388 1371 reddidit
1402 1347 1417 1371 .-

261 1393 351 1429 Nam
372 1401 444 1428 non
466 1394 551 1428 sunt
571 1389 658 1428 solae
677 1389 863 1427 arbitratae
883 1389 941 1427 hae
960 1400 1028 1438 ego
1043 1400 1191 1438 quoque
1211 1391 1323 1428 etiam
1340 1391 1495 1430 credidi.

262 1451 364 1487 Nunc
378 1459 493 1497 quum
514 1459 582 1497 ego
602 1453 636 1486 te
652 1458 731 1486 esse
753 1452 888 1497 praeter
905 1453 1070 1486 nostram
1089 1448 1298 1497 opinionem
1318 1451 1496 1499 comperi,

262 1509 331 1545 Fac
345 1507 476 1546 eadem
496 1512 536 1545 ut
551 1508 600 1545 sis
617 1517 729 1556 porro
748 1520 757 1545 :
779 1511 906 1545 nostra
925 1511 1030 1545 utere
1050 1507 1225 1550 amicitia,
1248 1513 1289 1546 ut
1309 1509 1422 1547 voles.

263 1566 376 1605 Aliter
394 1567 426 1605 si
447 1566 603 1605 facias...
623 1566 837 1614 Reprimam
857 1576 941 1613 me,
961 1577 1007 1604 ne
1027 1576 1122 1615 aegre
1146 1566 1345 1614 quicquam
1370 1579 1413 1605 ex
1436 1579 1496 1607 me

309 1625 437 1664 audias
456 1638 466 1664 ε

263 1687 396 1722 Verum
420 1689 456 1722 te
483 1685 552 1722 hoc
578 1693 713 1722 moneo
730 1693 846 1721 unum
867 1696 877 1722 ε
900 1683 1020 1732 qualis
1038 1684 1108 1721 sim
1134 1685 1287 1729 amicus,
1314 1690 1378 1723 aut
1405 1685 1496 1734 quid

309 1742 499 1792 possiem,⁴

261 1802 385 1840 Potius
400 1812 511 1851 quam
533 1800 717 1848 inimicus,
733 1800 914 1849 periclum
933 1800 1057 1840 facias.

742 1913 926 1952 SCENA
956 1911 1012 1953 11.

493 2013 779 2053 PRIDIPPUS,
805 2012 1014 2053 LACHES,
1041 2014 1262 2049 nAccflis.

775 2111 978 2140 rmnm’ns.

1080 2159 1139 2197 Nil
1159 2160 1258 2208 apud
1277 2172 1336 2198 me
1354 2161 1422 2200 tibi

263 2222 395 2262 Defieri
410 2223 544 2272 patiar,
557 2220 661 2270 quin,
678 2221 779 2270 quod
792 2231 887 2270 opus
907 2221 970 2267 sit,
988 2219 1143 2268 benigne
1163 2220 1383 2269 praebeatur.

261 2282 332 2321 Sed
348 2292 462 2332 quum
480 2286 519 2319 tu
534 2284 660 2318 satura
671 2285 783 2329 atque
802 2279 906 2319 ebria
918 2277 1006 2322 eris,
1018 2289 1111 2328 puer
1126 2283 1168 2317 ut
1184 2284 1286 2317 satur
1303 2280 1352 2317 sit
1367 2281 1486 2318 facim
