1586 2658
198 255 247 290 90
717 253 920 291 ANDRIA.

201 335 289 371 Hem
303 362 315 380 ,
333 333 484 371 astutias
503 346 514 373 ε
535 333 634 383 quod
653 334 684 373 si
702 335 887 384 quiessem
899 364 911 382 ‚
929 334 1023 374 nihil
1044 336 1227 374 evenisset
1241 336 1343 374 mali.

201 391 272 429 Sed
290 402 418 430 eccum
438 392 559 441 ipsum
579 393 686 432 video
705 407 715 432 ε
736 393 867 432 occidi.

201 449 347 510 Utinam
368 450 461 488 mihi
478 454 576 490 esset
592 451 735 501 aliquid
750 452 812 490 hic
823 481 835 499 ,
849 462 924 501 quo
943 463 1042 491 nunc
1058 463 1118 491 me
1131 451 1358 502 praecipitem
1374 450 1443 491 da·

250 519 343 547 rem.

689 577 716 617 S
724 577 752 616 C
761 578 792 616 E
803 578 833 616 N
844 578 878 616 A
905 577 955 616 Χ.

573 672 869 714 PAMPHILUS,
901 672 1073 710 DAVUS·

710 773 933 801 nummus.

203 820 270 858 Ubi
286 819 362 858 illic
375 823 453 868 est,
471 819 536 870 qui
554 830 616 858 me
636 820 827 870 perdidit?

755 890 889 918 navus.

843 936 953 976 Perii.

709 1007 932 1035 unvanus.

938 1058 1057 1104 Atque
1072 1053 1146 1094 hoc
1159 1054 1341 1094 confiteor
1350 1054 1441 1093 mihi

201 1117 287 1153 lure
307 1113 507 1163 obtigisse3
528 1113 834 1163 quandoquidem
853 1119 932 1152 tam
947 1113 1071 1162 iners,
1091 1117 1168 1152 tam
1183 1114 1277 1152 nulli
1292 1113 1423 1153 consili

202 1175 305 1212 Sum.
327 1175 465 1212 Servon
483 1171 654 1211 fortunas
670 1183 773 1211 meas
792 1183 853 1211 me
869 1171 1099 1211 commisisse
1114 1172 1243 1211 futili?

203 1235 276 1281 Ego
292 1231 454 1281 pretium
467 1231 515 1270 ob
535 1231 733 1270 stultitiam
747 1231 828 1270 fero
850 1243 860 1270 :
877 1231 944 1270 scd
956 1231 1116 1271 inultum
1136 1230 1176 1270 id
1197 1241 1402 1280 numquam
1414 1240 1443 1271 a

251 1301 311 1329 me
329 1291 489 1330 auferet.

751 1359 883 1388 nnus.

204 1409 361 1447 Posthac
375 1408 600 1448 incolumem
614 1412 672 1447 sat
688 1407 762 1446 scio
778 1407 860 1446 tore
881 1417 954 1456 me,
973 1417 1073 1446 nunc
1087 1406 1119 1446 si
1135 1407 1260 1446 devito
1275 1406 1347 1446 hoc
1362 1417 1441 1445 ma-

251 1468 343 1507 lum.

711 1537 931 1564 nunnitus.

203 1586 296 1622 Nam
315 1583 404 1633 quid
422 1594 490 1632 ego
510 1593 608 1621 nunc
628 1582 750 1621 dicam
766 1583 893 1632 patri?
912 1581 1085 1630 Negabon
1102 1581 1198 1620 velle
1216 1591 1278 1620 me
1292 1610 1305 1628 ,
1328 1580 1441 1619 modo

204 1643 274 1689 Qui
293 1654 376 1681 sum
396 1642 584 1691 pollicitus
602 1641 763 1680 ducere?
776 1644 855 1688 Qua
871 1641 1006 1679 fiducia
1022 1640 1060 1678 id
1078 1641 1200 1680 facere
1218 1639 1405 1678 audeam?

205 1704 281 1740 Nec
297 1700 390 1750 quid
409 1711 469 1739 me
488 1711 585 1739 nunc
604 1700 737 1740 faciam
756 1700 846 1738 scio.

748 1769 882 1798 navus.

733 1820 807 1857 Nec
825 1817 916 1866 quid
933 1827 1008 1865 me,·
1025 1819 1138 1866 atque
1154 1816 1194 1854 id
1213 1827 1283 1865 ago
1296 1815 1440 1855 sedulo.

206 1878 328 1916 Dicam
350 1877 492 1926 aliquid
507 1876 587 1925 jam
600 1876 834 1916 inventurum
849 1904 859 1920 ,
881 1880 922 1914 ut
940 1875 1026 1914 huic
1045 1876 1146 1914 malo
1170 1875 1335 1924 aliquam
1353 1885 1442 1925 pro-

252 1937 386 1974 ducam
401 1946 561 1974 moram.

717 2004 936 2033 nummus.

206 2056 260 2095 Oh
277 2057 287 2092 ε

758 2123 831 2150 DAV
835 2122 892 2151 US·

274 2173 382 2211 Visus
397 2181 495 2211 sum.

353 2240 357 2245 ’
713 2240 932 2269 PAquLus.

331 2289 501 2328 Ehodum
513 2317 526 2337 ,
544 2287 642 2327 bone
657 2288 725 2335 vir,
749 2288 840 2338 quid
858 2288 932 2327 ais!
949 2287 1067 2326 Viden
1085 2297 1145 2326 me
1159 2287 1322 2326 consiliis
1336 2292 1411 2326 tius

200 2350 373 2390 ‘miserum
394 2347 614 2399 impeditum
630 2349 738 2386 esse?
