1624 2632
272 162 342 198 210
633 211 636 214 .
779 164 1000 204 flecvRA.

744 281 927 321 SCENA
960 282 1037 323 111.

747 383 1035 418 PAMPHILUS.

343 506 347 508 -
782 492 1001 519 annuus.

274 540 422 586 Nequeo
442 548 606 577 mearum
627 549 752 577 rerum
773 539 918 577 initium
938 539 1055 577 ullum
1077 539 1242 579 invenire
1261 539 1452 586 idoneum,

274 598 297 632 {J
305 596 375 634 nde
391 596 560 634 exordiar
577 608 744 643 narrare,
764 608 846 645 quae
864 609 931 636 nec
952 598 1118 647 opinanti
1139 598 1330 646 accidunt3
1352 626 1355 630 -

274 655 409 692 Partim
429 666 511 704 quae
532 656 698 705 perspexi
716 656 774 694 his
792 657 922 698 oculis,
943 657 1078 706 partim
1094 668 1176 707 quae
1193 658 1318 707 accepi
1334 657 1508 696 auribus:

270 713 354 755 Qua
371 725 431 752 mc
451 720 604 764 propter
620 715 870 754 exanimatum
889 716 996 754 citius
1014 716 1123 754 eduxi
1143 717 1254 755 foras.

275 774 367 811 Nam
387 773 498 811 modo
515 785 574 812 me
593 774 689 812 intro
709 780 749 812 ut
767 775 929 824 corripui
949 775 1116 822 timidus,
1133 775 1206 814 alio
1221 776 1423 824 suspicanS,

275 833 403 870 Morbo
423 843 483 870 me
503 834 667 871 visurum
687 833 869 871 adfectam
887 845 928 872 ac
941 833 1036 872 sensi
1050 845 1202 873 uxorem
1215 845 1314 877 esse,
1330 833 1507 872 heimihi.

276 893 475 940 Postquam
490 902 549 930 me
569 903 743 941 aspexere
759 893 902 931 ancillae
916 892 1122 941 advenisse,
1141 892 1242 931 illico
1255 903 1386 932 omnes
1399 892 1510 931 simul

275 951 380 988 Laetae
399 950 618 998 exclamant,
630 951 750 995 Venit,
771 951 809 989 id
826 952 925 1000 quod
948 963 1007 990 me
1028 955 1179 1005 repente
1197 955 1425 1001 aspexerant.

277 1009 347 1047 Sed
365 1009 540 1047 continuo
556 1010 698 1047 voltum
716 1020 845 1048 earum
865 1011 965 1048 sensi
985 1010 1173 1049 immutari
1188 1010 1369 1059 omnium,

277 1067 368 1113 Quia
386 1073 461 1106 tam
481 1068 715 1107 incommode
735 1069 809 1107 illis
826 1069 903 1107 sors
922 1070 1106 1107 obtulerat
1123 1069 1323 1108 adventum
1339 1079 1477 1107 meum.

276 1129 354 1165 Una
371 1127 518 1165 illarum
537 1128 678 1166 interea
697 1139 856 1177 propere
872 1128 1125 1177 praecucurrit,
1145 1127 1317 1167 nuntians

278 1188 333 1224 Me
353 1185 507 1224 venisse.
526 1189 600 1235 Ego
618 1187 701 1235 eJus
718 1186 867 1225 videndi
885 1188 1055 1237 cupidus,
1071 1190 1173 1226 recta
1189 1197 1408 1236 consequor.

277 1247 475 1294 Postquam
486 1245 583 1284 intro
594 1245 738 1294 adveni,
747 1247 934 1296 extemplo
945 1246 1025 1295 ejus
1035 1246 1208 1285 morbum
1214 1245 1369 1294 cognovi
1379 1244 1509 1283 miser:

278 1306 367 1342 Nam
385 1315 520 1353 neque,
541 1307 582 1343 ut
596 1304 711 1343 celari
734 1309 873 1354 posset,
896 1310 1042 1355 tempus
1059 1305 1220 1355 spatium
1238 1304 1356 1344 ullum
1375 1304 1510 1342 dabat:

278 1366 404 1412 Neque
420 1374 507 1402 voce
524 1363 611 1412 alia,
626 1375 669 1402 ac
687 1375 748 1403 res
763 1364 940 1403 monebat
957 1365 1052 1414 ipsa,
1069 1368 1215 1414 poterat
1233 1363 1424 1412 conqueri.

279 1425 474 1471 Postquam
494 1423 633 1472 aspexi,
648 1434 670 1460 o
691 1423 833 1462 facinus
859 1423 1066 1472 indignum,
1090 1424 1243 1472 inquam
1261 1436 1271 1461 ε
1289 1427 1327 1460 et
1351 1421 1514 1471 corripui

326 1481 425 1520 illico

279 1542 334 1579 Me
349 1540 435 1578 inde
454 1540 677 1588 lacrumans,
696 1540 903 1579 incredibili
918 1551 958 1578 re
979 1545 1090 1589 atque
1110 1539 1224 1579 atroci
1240 1539 1428 1590 percitus:

279 1601 393 1637 Mater
406 1599 670 1648 consequitur:
683 1599 761 1647 jam
779 1604 821 1637 ut
837 1600 950 1637 limen
970 1600 1122 1645 exirem,
1141 1599 1188 1636 ad
1204 1609 1324 1648 genua
1340 1596 1485 1646 accidit,

280 1661 499 1697 Lacrumans
515 1658 652 1696 misera
670 1671 679 1696 :
697 1659 904 1697 miseritum
929 1663 998 1696 est.
1019 1659 1190 1696 Profecto
1210 1657 1283 1697 hoc
1305 1657 1358 1696 sic
1378 1661 1450 1704 est,
1475 1661 1516 1695 ut

327 1722 432 1766 puto.

280 1777 458 1815 Omnibus
480 1775 587 1814 nobis
610 1780 651 1814 ut
671 1786 732 1814 res
756 1776 845 1815 dant
869 1787 964 1824 sese,
989 1777 1042 1815 ita
1067 1775 1191 1826 magni
1216 1779 1329 1825 atque
1355 1773 1517 1814 humiles

326 1846 465 1873 sumus.

281 1896 379 1932 Hanc
397 1894 533 1932 habere
550 1893 757 1932 orationem
776 1905 922 1933 mecum
938 1893 1119 1943 principio
1135 1893 1293 1932 institit:

280 1955 310 1992 Ο
319 1954 370 1991 mi
382 1953 590 2002 Pamphile,
604 1953 714 1992 abste
727 1953 972 2002 quamobrem
983 1953 1060 1991 haec
1070 1952 1220 2000 abierit,
1232 1962 1380 1990 causam
1390 1951 1492 1990 vides
1506 1966 1515 1989 t

281 2018 371 2054 Nam
384 2015 512 2054 vitium
529 2020 585 2054 est
603 2015 770 2054 oblatum
788 2015 916 2065 virgini
932 2015 1022 2054 olim
1037 2014 1083 2053 ab
1099 2013 1221 2053 nescio
1236 2025 1311 2063 quo
1328 2013 1513 2062 improbo.

280 2078 382 2113 Nunc
401 2075 474 2112 huc
489 2074 666 2123 confugit,
685 2079 720 2113 te
737 2078 848 2123 atque
864 2074 960 2112 alios
978 2078 1123 2123 partum
1143 2077 1183 2111 ut
1205 2073 1342 2111 celaret
1356 2083 1478 2110 suum.

281 2133 352 2172 Sed
360 2144 407 2182 qu
413 2145 475 2171 um
482 2138 585 2172 orata
593 2134 674 2182 ejus
685 2133 916 2182 reminiscor,
924 2144 1068 2182 nequeo
1081 2133 1168 2181 quin
1178 2133 1379 2170 lacrumem
1387 2132 1513 2171 miser.

280 2193 440 2241 Quaeque
459 2192 536 2231 fors
554 2192 701 2230 fortuna
723 2196 792 2239 est,
811 2192 943 2241 inquit,
960 2191 1066 2229 nobis
1081 2202 1164 2239 quae
1182 2196 1218 2229 tc
1235 2190 1346 2229 hodie
1364 2190 1512 2229 obtulit.

281 2253 351 2290 Per
369 2262 451 2290 eam
473 2256 508 2290 te
525 2251 760 2290 obsecramus
780 2251 910 2298 ambae,
928 2251 958 2289 si
973 2251 1050 2300 jus,
1066 2250 1097 2288 si
1114 2251 1169 2289 fas
1186 2254 1258 2298 est,
1278 2250 1332 2288 uti
