1586 2658
234 226 251 260 1
258 226 305 261 40
627 276 637 287 ¹
750 228 778 263 A
786 227 815 263 N
825 228 853 263 D
862 228 892 263 R
900 228 911 263 Ι
919 229 961 264 Α.

802 319 903 346 sum.

1323 365 1423 403 Sino.

234 422 384 468 Quidvis
398 423 524 473 cupio,
543 424 633 463 dum
648 435 695 463 ne
711 425 758 463 ab
775 425 847 463 hoc
865 436 925 463 me
947 425 1026 463 fani
1042 424 1266 474 comperiar,
1282 425 1470 464 Chremes.

764 495 942 522 cunnus.

235 543 305 579 Pro
325 547 474 590 peccato
491 554 625 592 magno
644 543 798 592 paulum
819 542 978 592 supplici
994 543 1083 581 satis
1099 547 1155 581 est
1173 548 1282 592 pam.

708 669 896 709 SCENA
924 669 1000 708 IV.

386 762 551 802 CRITO,
579 762 829 803 CHREMES,
859 762 994 802 snm,
1021 761 1318 795 PAMPfflLUS.

792 862 911 889 cau-o.

235 909 335 947 Mitte
354 920 473 948 orare.
497 912 575 948 Una
593 911 726 948 harum
745 910 883 958 quaevis
902 920 1014 948 causa
1029 920 1090 947 me
1109 913 1150 946 ut
1162 908 1299 946 'faciam
1328 911 1469 956 monet,

234 967 301 1005 Vel
315 972 370 1014 tu,
387 969 444 1006 vel
461 969 562 1017 quod
576 980 705 1007 verum
724 973 794 1013 est,
814 968 870 1006 vel
889 968 990 1016 quod
1008 967 1080 1016 ipsi
1096 966 1205 1016 cupio
1223 966 1402 1015 Glycerio.
1471 1006 1473 1008 ,

764 1097 943 1124 caumes.

232 1144 411 1183 Andrium
431 1156 498 1194 ego
515 1145 705 1184 Critonem
721 1145 858 1183 video?
877 1147 910 1183 ls
930 1149 1030 1183 certe
1049 1147 1118 1182 est.

552 1215 554 1219 ’
793 1215 912 1243 cmm.

1070 1261 1198 1299 Salvus
1215 1272 1279 1305 sxs,
1296 1261 1466 1300 Chreme.

759 1333 938 1362 caumes.

229 1383 327 1430 Quid
342 1388 383 1422 tu
401 1384 562 1423 Athenas
581 1384 771 1423 insolens?

789 1453 908 1481 cm'ro.

794 1500 936 1538 Evenit.
957 1499 1029 1538 Sed
1047 1498 1225 1538 hiccinest
1242 1498 1372 1536 Simo?

761 1569 938 1598 canamus.

231 1621 308 1658 Hic.

789 1689 911 1716 eluro.

301 1737 416 1786 Simo,
435 1748 522 1776 men
536 1738 695 1787 quaeris?

798 1807 898 1834 smo.

680 1855 777 1904 Eho,
791 1860 831 1893 tu
846 1855 1054 1904 Glycerium
1067 1854 1155 1893 hine
1166 1853 1282 1892 civem
1293 1862 1373 1891 esse
1386 1854 1466 1890 aus?

788 1986 907 2013 cmm.

233 2037 286 2073 Tu
299 2036 435 2084 negas?

798 2104 901 2133 snm.

444 2155 544 2192 Itane
563 2153 636 2191 huc
655 2157 806 2201 paratus
825 2152 1002 2191 advenis?

271 2238 299 2266 ¹.
317 2236 455 2266 Corneille
467 2245 486 2264 a
500 2237 543 2264 dit
555 2236 590 2263 de
602 2235 692 2264 meme
705 2236 774 2264 dans
786 2236 818 2266 N
821 2235 962 2268 immede,
974 2238 1037 2262 aete
1049 2236 1094 2268 11,
1109 2234 1192 2263 ιοὲιιε
1204 2243 1228 2263 u
1241 2243 1250 2263 ι

487 2290 522 2313 h
534 2289 589 2319 plus
600 2289 718 2313 maumise
728 2295 817 2313 excuse
829 2290 866 2312 est
879 2294 945 2312 asaez
959 2294 1024 2318 pour
1037 2294 1073 2311 un
1085 2287 1154 2319 pire,

485 2324 517 2348 nt
527 2330 584 2349 sous
592 2323 615 2349 le
627 2330 685 2348 nom
699 2324 728 2348 de
740 2324 780 2347 ssls
793 2323 861 2348 toute
875 2323 943 2348 faute
954 2324 990 2347 est
1001 2323 1089 2354 [exiere.
