1586 2658
142 199 210 237 158
650 195 858 233 ANDMA.

399 372 584 415 ALTER
615 372 829 414 EXITUS
866 370 1119 414 ANDRIAE.

646 523 868 552 nummus.

143 571 290 612 Memini
302 585 312 612 ε
326 576 436 622 atque
449 571 544 610 adeo
556 577 597 610 ut
611 571 710 610 volui
721 570 961 610 commodum
975 569 1047 609 hue
1058 580 1167 609 senex
1178 568 1252 608 exit
1264 570 1376 606 toras.

143 631 279 671 Secede
299 631 388 670 illuc
402 630 602 681 aliquantis
619 641 699 680 per.

663 698 858 727 emmaus.

711 749 823 794 Dave,
841 757 999 796 sequere
1013 757 1075 786 me
1089 746 1171 786 hac.

692 816 828 846 uuus.
1200 847 1204 851 ,

1184 865 1340 913 Sequor.

223 994 528 1035 PAMPHILUS,
556 992 826 1031 cnmxmus,
853 991 1102 1030 CHREMES,
1128 989 1295 1023 DAVUS.

654 1109 872 1138 nummus.

146 1164 194 1200 Te
213 1148 470 1210 exspectabam
489 1173 498 1198 :
519 1163 575 1198 est
593 1159 640 1197 de
659 1163 723 1196 tua
738 1169 794 1204 re,
812 1157 913 1207 quod
928 1167 1037 1206 agere
1052 1167 1123 1206 ego
1141 1161 1263 1195 tecum
1281 1157 1378 1196 volo.

146 1223 303 1270 Operam
324 1219 424 1266 dedi,
441 1229 488 1256 ne
502 1228 562 1256 me
577 1228 658 1255 esse
678 1217 834 1255 obfitum
852 1215 954 1255 dicas
971 1220 1044 1254 tuae
1057 1220 1176 1264 gnatae
1193 1215 1319 1255 alterae
1336 1229 1346 1254 :

147 1279 228 1318 Tibi
244 1289 304 1316 me
321 1277 454 1327 opinor
473 1276 655 1315 invenisse
675 1275 829 1324 dignum
848 1279 885 1313 te
900 1279 1014 1323 atque
1033 1274 1098 1312 ina
1112 1275 1247 1312 virum.

663 1403 858 1432 exuamus.

148 1453 257 1502 Perii,
273 1456 370 1491 Dave
389 1465 399 1491 ε
418 1453 466 1491 de
485 1463 568 1491 meo
587 1462 714 1490 amore
731 1462 774 1489 ac
790 1451 864 1489 vita
882 1449 993 1489 sortis
1010 1449 1167 1489 tollitur.

675 1521 852 1548 caumas.

147 1574 225 1610 Non
242 1582 338 1610 nova
353 1571 455 1610 istaec
467 1569 557 1608 mihi
571 1568 785 1616 conditiost‚
804 1569 836 1606 si
856 1568 1068 1611 voluissem,
1093 1567 1296 1618 Pamphile.

669 1697 860 1726 emamus.

150 1746 286 1790 Occidi,
305 1749 415 1784 Dave.

697 1815 830 1844 nnus.

382 1864 453 1903 Ah!
472 1874 594 1902 mane.

669 1934 868 1964 emamus.

571 1981 681 2021 Perii.

675 2052 854 2080 caumes.

639 2098 681 2139 ld
695 2112 807 2150 quam
824 2101 872 2140 ob
890 2111 968 2140 rem
987 2112 1063 2140 non
1081 2101 1197 2149 volui,
1214 2101 1383 2151 eloquar.

145 2165 221 2201 Non
239 2162 390 2211 idcirco,
412 2164 512 2212 quod
532 2175 619 2204 eum
640 2159 794 2198 omnino
814 2158 976 2198 adfinem
995 2159 1089 2199 mihi
1111 2160 1263 2199 nollem.

669 2229 867 2258 emmaus.

1162 2319 1165 2324 ,
1207 2279 1312 2317 Hem·
