1624 2632
261 184 331 221 228
772 183 989 219 HECYRA.

261 263 352 299 Nam
370 261 401 299 si
421 260 600 299 utrumvis
617 261 767 308 horum,
782 261 931 305 muner,
952 271 1127 310 umquam
1148 260 1214 299 tibi
1237 271 1335 298 visus
1359 260 1494 306 forem,

261 322 340 358 Non
355 319 407 358 sic
422 319 583 359 ludibrio
602 320 675 359 tuis
691 319 794 359 factis
812 320 960 358 habitus
976 330 1112 358 essem.

770 389 982 416 uranium.

1123 434 1288 481 Quibus?

772 505 978 533 rmmrpus.
1458 527 1461 530 .

1275 555 1321 590 At
1333 551 1496 599 rogitas?

259 611 404 662 Peperit
422 610 522 650 filia?
537 613 641 655 Hem,
662 613 788 649 taces?
807 613 855 648 Ex
870 612 971 660 quo?

768 681 976 707 manaim.

849 730 943 766 Istuc
956 732 1100 777 patrem
1110 738 1243 777 rogare
1257 733 1312 766 est
1321 739 1467 777 aequum
1476 731 1494 765 ξ’

258 789 353 828 Perii
374 802 384 827 ε
401 799 445 827 ex
462 798 536 837 quo
557 798 697 834 censes,
720 787 790 825 nisi
809 797 854 825 ex
872 787 949 831 illo,
967 787 1028 825 cui
1046 787 1133 825 data
1151 791 1209 826 est
1228 792 1405 836 nuptum.
1428 787 1494 826 oh-

304 850 435 886 secro?

772 915 980 942 rannerus.

258 965 375 1003 Credo
390 977 399 1002 ε
414 974 535 1012 neque
549 963 643 1001 adeo
659 963 832 1001 arbitrari
850 963 966 1012 patris
978 967 1034 1001 est
1050 962 1170 1001 aliter.
1187 963 1261 1002 Sed
1274 963 1452 1008 demiror,

256 1023 352 1069 Quid
372 1022 433 1069 sit,
451 1022 696 1071 quamohrem
713 1025 906 1071 tantopere
922 1021 1042 1059 omnis
1061 1032 1128 1060 nos
1143 1022 1264 1060 celare
1279 1022 1441 1061 volueris

257 1088 433 1123 Partum:
457 1083 663 1133 praesertim
685 1094 802 1133 quum
830 1087 869 1122 et
893 1087 994 1122 recte
1020 1087 1058 1122 et
1088 1087 1256 1133 tempore
1284 1094 1353 1122 suo
1380 1094 1494 1133 pepe-

303 1144 407 1182 rerit.
1118 1157 1122 1161 -

256 1203 382 1241 Adeon
403 1201 580 1251 pervicaci
599 1212 681 1240 esse
699 1202 838 1249 animo,
857 1205 899 1240 ut
917 1212 1076 1250 puerum
1091 1207 1317 1252 praeoptares
1331 1202 1470 1252 perire,

256 1265 306 1300 Ex
322 1273 396 1310 quo
414 1261 618 1299 firmiorem
631 1261 727 1299 inter
742 1272 810 1300 nos
827 1261 905 1299 sore
919 1260 1119 1299 amicitiam
1140 1261 1295 1310 posthac
1311 1261 1438 1306 scires,

256 1321 382 1359 Potius
409 1331 519 1369 quam
543 1320 741 1358 advorsum
764 1320 880 1358 animi
906 1320 960 1357 tui
984 1319 1175 1358 libidinem
1201 1324 1299 1358 esset
1316 1330 1403 1358 cum
1425 1320 1491 1359 illo

302 1381 440 1428 nupta?

256 1441 329 1487 Ego
343 1438 456 1477 etiam
470 1437 619 1476 illorum
635 1447 714 1476 esse
726 1437 820 1475 hanc
829 1437 978 1486 culpam
990 1436 1145 1486 credidi,
1156 1447 1238 1487 quae
1248 1442 1285 1476 te
1295 1442 1352 1476 est
1360 1448 1488 1487 penes.

769 1569 977 1596 nmmum.

254 1620 384 1657 Misera
402 1628 498 1656 sum.

242 1680 248 1684 ’
764 1686 968 1714 numerus.

523 1735 670 1774 Utinam
681 1734 795 1774 sciam
806 1735 858 1773 ita
870 1746 949 1774 esse
959 1735 1067 1773 istuc.
1079 1735 1152 1774 Sed
1162 1747 1259 1776 nunc
1269 1737 1322 1776 mi
1334 1738 1373 1776 in
1386 1749 1490 1778 men-

299 1801 376 1835 tem
391 1795 506 1842 venit,

252 1859 303 1894 De
314 1856 383 1894 hac
394 1865 434 1892 re
447 1853 548 1903 quod
560 1853 682 1891 locuta
691 1862 731 1890 es
742 1852 848 1899 olim,
861 1863 976 1901 quum
989 1853 1096 1891 illum
1108 1864 1283 1902 generum
1297 1855 1485 1905 cepimus:

252 1917 342 1952 Nam
359 1914 518 1961 negabas
536 1916 689 1960 nuptam
706 1922 814 1960 posse
833 1911 948 1949 liliam
967 1915 1068 1949 tuam
1085 1916 1122 1950 te
1138 1914 1215 1962 pati

252 1975 343 2011 Cum
360 1983 404 2010 eo
420 1971 484 2021 qui
503 1970 736 2009 meretricem
756 1975 912 2014 amaret,
932 1970 997 2020 qui
1012 1975 1246 2019 pernoctaret
1263 1973 1366 2011 foris.

765 2040 972 2067 manum.

251 2089 424 2138 Quamvis
447 2099 598 2127 causam
625 2088 724 2127 hunc
749 2088 940 2137 suspicari,
967 2099 1081 2138 quam
1105 2089 1225 2139 ipsam
1245 2100 1386 2139 veram,
1405 2102 1485 2130 ma·

300 2150 397 2189 voln.

287 2281 314 2310 1.
327 2280 402 2309 C'ent
414 2278 543 2308 l'nbme
555 2277 593 2306 du
605 2278 680 2307 droit
692 2279 798 2307 romain
813 2290 820 2307 ι
835 2279 865 2308 Is
873 2282 964 2316 pater
975 2281 1019 2308 σει
1026 2287 1115 2316 quem
1130 2279 1250 2317 nuptia
1258 2279 1483 2314 demonstrant.
