1624 2632
278 261 349 297 222
787 268 1006 308 neema.
1060 263 1062 265 ’

794 359 997 388 raimerus.

1154 410 1312 450 Scilicet.

339 504 358 508 Ἣ
782 477 1000 504 puteanus.

279 519 431 557 Omnem
450 531 527 559 rem
548 521 638 568 scio,
659 527 700 561 ut
716 523 763 561 sit
778 529 880 572 gesta
903 538 911 562 :
932 524 1131 564 adveniens
1146 526 1268 564 audivi
1286 528 1423 566 omnia.

820 653 972 679 menes.

278 698 324 732 At
339 694 428 734 istos
448 696 591 735 invidos
610 698 647 736 di
670 699 839 748 perdant,
858 701 920 749 qui
944 701 1020 740 haec
1040 701 1199 741 libenter
1213 703 1394 742 nuntiant.

784 829 1005 857 aurnuns.

278 873 352 920 Ego
369 884 429 910 me
448 873 525 912 scio
541 874 694 922 cavisse,
712 886 757 914 ne
778 877 853 914 ulla
875 877 1007 914 merito
1023 878 1246 916 contumelia

278 930 371 968 Fieri
389 943 410 969 a
428 932 531 970 vohis
547 937 696 982 posset:
715 934 826 983 idque
843 935 873 972 si
889 947 986 973 nunc
1003 946 1210 974 memorare
1226 937 1287 975 hic
1299 937 1423 986 velim,

276 992 393 1036 Quam
414 991 513 1029 fideli
531 991 654 1030 animo
671 997 709 1031 et
725 993 884 1042 benigno
904 994 941 1032 in
961 994 1063 1032 illam
1081 999 1119 1032 et
1134 996 1307 1034 clementi
1324 996 1392 1044 rui,

277 1050 369 1087 Vere
387 1060 552 1099 possum,
571 1051 609 1089 ni
628 1057 664 1089 te
684 1062 727 1090 ex
747 1052 827 1100 ipsa
843 1053 920 1091 haec
936 1053 1052 1101 magis
1063 1053 1172 1092 velim
1188 1054 1410 1093 resciscere:

275 1109 439 1156 Namque
457 1119 502 1147 eo
520 1114 628 1159 paeto
642 1121 813 1149 maxume
830 1111 928 1160 apud
949 1116 985 1150 te
1003 1123 1088 1150 meo
1106 1112 1178 1150 erit
1197 1113 1346 1161 ingenio
1367 1114 1473 1158 fides,

275 1167 394 1210 Quum
410 1167 490 1215 illa,
505 1179 590 1217 quae
610 1180 706 1207 nunc
723 1170 758 1207 in
777 1181 836 1208 me
852 1170 978 1219 iniqua
993 1176 1062 1213 est.
1079 1182 1184 1220 aequa
1201 1172 1247 1210 de
1265 1183 1325 1211 me
1338 1172 1483 1211 dixerit.

275 1227 399 1274 Neque
419 1237 502 1265 mea
519 1228 627 1276 culpa
646 1229 717 1267 hoc
732 1229 926 1267 discidium
947 1230 1126 1277 evenisse,
1149 1230 1186 1267 id
1206 1235 1322 1269 testor
1339 1231 1442 1270 deos.

275 1283 346 1321 Sed
363 1285 512 1333 quando
528 1297 607 1324 sese
630 1298 710 1325 esse
730 1288 915 1337 indignam
936 1289 1090 1337 deputat
1108 1289 1216 1326 matri
1235 1300 1327 1328 meae

274 1342 339 1380 Cui
355 1345 547 1392 concedat,
565 1346 745 1396 cujusque
762 1358 886 1386 mores
902 1348 1036 1386 toleret
1055 1359 1120 1386 sua
1139 1347 1321 1387 modestia
1327 1362 1341 1396 ;

273 1404 398 1450 Neque
419 1403 494 1441 alio
514 1408 622 1452 pacto
638 1407 809 1455 componi
830 1411 951 1455 potest
966 1406 1063 1444 inter
1078 1418 1141 1445 eas
1157 1407 1275 1456 gratia
1282 1421 1294 1455 3

272 1461 503 1510 Segreganda
518 1467 582 1501 aut
600 1468 719 1502 mater
733 1476 754 1502 a
771 1475 830 1503 me
846 1469 916 1512 est,
933 1465 1129 1514 Phidippe,
1149 1471 1212 1504 aut
1227 1466 1469 1505 Philumena:

272 1522 376 1558 Nunc
395 1531 454 1559 me
474 1521 593 1570 pietas
609 1523 737 1561 matris
752 1523 874 1572 potius
893 1524 1127 1562 commodum
1143 1525 1275 1563 suadet
1290 1524 1411 1574 sequi.

806 1713 959 1740 uenus.

272 1751 475 1804 Pamphile,
494 1756 595 1796 haud
613 1758 727 1797 invito
746 1760 794 1797 ad
811 1770 920 1798 aures
939 1770 1062 1798 sermo
1080 1759 1131 1797 mi
1148 1759 1299 1798 accessit
1320 1763 1423 1807 tuus,

271 1816 390 1859 Quum
407 1819 443 1853 te
462 1820 694 1865 postputasse
714 1818 834 1856 omnis
852 1830 912 1856 res
927 1829 1003 1867 prae
1019 1824 1171 1867 parente
1190 1819 1376 1866 intellego.

239 1892 242 1897 -
271 1874 405 1911 Verum
421 1873 519 1923 vide,
534 1886 582 1914 ne
601 1876 783 1925 impulsus
803 1877 858 1914 ira
874 1887 985 1926 prave
998 1877 1157 1924 insistas,
1173 1877 1376 1926 Pamphile.

774 2006 993 2033 nummus.

268 2050 406 2095 Quibus
430 2062 524 2090 nunc
539 2052 719 2102 impulsus
738 2054 802 2092 iris
818 2055 856 2092 in
877 2054 978 2092 illam
997 2054 1145 2102 iniquus
1163 2053 1260 2092 sim?

268 2111 354 2155 Quae
370 2121 557 2158 nunquam
572 2113 771 2161 quicquam
790 2124 878 2162 erga
891 2123 950 2151 me
965 2112 1230 2160 commeritast,
1249 2117 1368 2162 pater,

268 2168 372 2212 Quod
389 2169 524 2207 nollem
534 2183 546 2217 3
567 2175 605 2208 et
622 2182 717 2221 saepe
737 2172 836 2221 quod
850 2172 983 2210 vellem
1000 2171 1170 2210 meritam
1189 2171 1291 2211 scio:

242 2252 245 2254 -
267 2232 430 2277 Amoque
450 2235 486 2269 et
504 2231 615 2270 laudo
633 2237 670 2270 et
686 2232 1136 2271 vehementerdesidero:

268 2289 358 2324 Nam
379 2287 489 2327 fuisse
508 2300 596 2339 erga
613 2302 673 2328 me
694 2291 790 2329 miro
811 2291 958 2339 ingenio
979 2296 1150 2340 expertus
1168 2302 1278 2330 sum:

269 2345 396 2394 lllique
411 2353 560 2397 exopto,
577 2354 618 2387 ut
634 2349 814 2398 reliquam
834 2350 945 2388 vitam
964 2349 1085 2396 exigat
