1624 2632
237 218 307 255 192
702 182 704 186 V
742 210 961 248 HECYRA.

238 297 339 335 illius
358 294 458 335 dices
471 291 581 343 culpa
600 291 738 331 factum
747 293 766 328 ξ’

758 417 958 446 sosrnm.

778 465 881 504 Haud
901 463 1076 513 equidem
1096 462 1195 503 dico.
1214 473 1265 500 mi
1284 460 1436 500 Laches.

270 555 272 559 -
783 534 934 562 ments.

241 590 406 637 Gaudeo,
426 589 478 626 ita
497 598 557 625 me
570 586 608 624 di
626 587 765 626 ament,
783 583 884 632 gnati
902 592 1038 620 eausa:
1060 591 1146 618 nam
1162 579 1210 618 de
1223 584 1258 618 te
1274 579 1438 629 quidem,

243 649 336 688 Satis
351 647 443 695 scio,
460 644 648 696 peccando
666 641 881 681 detrimenti
902 640 954 678 nil
972 638 1052 678 fieri
1072 643 1205 688 potest.

763 770 962 798 sosrnxn.

245 825 314 871 Qui
331 823 416 870 scis,
435 833 481 860 an
501 832 547 860 ea
557 831 683 866 causa,
701 818 752 856 mi
771 818 838 861 vir,
856 828 915 855 me
935 816 1056 855 odisse
1074 815 1363 858 adsimulaverit,

246 886 292 922 Ut
305 894 389 921 eum
410 884 528 919 matre
544 879 627 929 plus
647 889 721 916 una
733 878 858 915 esset?

787 946 938 973 mouns.

826 994 921 1039 Quid
940 993 1024 1031 ais?
1039 996 1119 1031 Non
1139 992 1232 1042 signi
1249 993 1323 1032 hoc
1342 998 1399 1031 sat
1410 999 1478 1039 est,

247 1059 351 1106 Quod
368 1057 451 1096 heri
469 1067 579 1095 nemo
598 1053 716 1092 voluit
730 1053 907 1091 visentem
930 1052 976 1090 ad
996 1062 1079 1090 eam
1095 1056 1132 1090 te
1149 1052 1245 1090 intro
1261 1051 1480 1090 admittere?

765 1124 965 1151 sosnuu.

249 1179 354 1216 Enim
375 1176 506 1215 lassam
530 1173 668 1224 oppido
693 1178 771 1211 tum
796 1182 876 1209 esse
895 1171 1046 1209 aibant:
1068 1181 1115 1209 eo
1135 1170 1183 1208 ad
1201 1181 1305 1218 eam3
1324 1181 1400 1210 non
1417 1170 1483 1208 ad-

297 1235 409 1274 missa
427 1244 525 1272 sum.

795 1303 945 1330 menes.

252 1360 348 1395 Tuos
362 1365 442 1393 esse
461 1365 531 1402 ego
549 1353 606 1390 illi
623 1363 748 1390 mores
767 1351 940 1389 morbum
961 1351 1077 1400 magis
1093 1361 1207 1399 quam
1232 1349 1346 1388 ullam
1372 1349 1482 1387 aliam

299 1425 379 1453 rem
399 1413 579 1460 arbitror3

253 1477 297 1512 Et
311 1472 445 1511 merito
459 1471 554 1509 adeo
572 1484 582 1509 ι
600 1481 687 1508 nam
701 1473 908 1508 vostrarum
927 1469 1029 1506 nulla
1045 1473 1114 1516 est,
1130 1468 1218 1517 quin
1230 1473 1382 1516 gnatum
1397 1467 1485 1505 velit

253 1537 392 1572 Ducere
412 1541 565 1569 uxorem
586 1543 595 1568 z
617 1534 655 1568 et
667 1540 750 1579 quae
768 1529 871 1567 vobis
887 1528 1022 1577 placita
1040 1532 1110 1575 est,
1129 1527 1290 1566 conditio
1308 1527 1419 1565 datur
1438 1542 1447 1564 ;

254 1594 322 1631 Ubi
341 1593 479 1630 duxere
495 1590 655 1639 impulsu
668 1593 805 1636 vestro,
819 1593 940 1626 vestro
959 1587 1120 1637 impulsu
1135 1587 1286 1625 easdem
1300 1587 1461 1636 exigunt.

737 1697 921 1737 SCENA
952 1697 1006 1736 ΙΙ.

470 1800 756 1840 PHIDIPPUS,
782 1798 990 1838 LACHES,
1017 1798 1277 1835 sos'rRA‘rA.

773 1902 980 1929 Pnintrpus.

261 1953 335 1991 Etsi
348 1962 424 1990 scio
436 1954 526 1999 ego,
546 1949 778 1994 Philumena,
802 1960 926 1987 meum
940 1950 1002 1997 jus
1019 1959 1112 1993 esse,
1135 1954 1177 1988 ut
1195 1954 1231 1987 te
1250 1960 1378 1998 cogam

262 2014 349 2057 Quae
367 2022 435 2059 ego
460 2010 641 2059 imperem
659 2008 782 2047 facere
802 2021 811 2047 :
835 2019 903 2057 ego
929 2012 1052 2046 tamen
1080 2009 1202 2057 patrio
1227 2009 1352 2047 animo
1380 2008 1494 2046 victus

310 2070 441 2108 faciam

264 2133 309 2168 Ut
327 2128 391 2167 tihi
412 2127 634 2174 concedam3
655 2138 775 2176 neque
795 2132 866 2165 tuae
880 2126 1024 2165 libidini
1040 2126 1274 2165 adversabor.

303 2226 327 2252 1.
350 2221 497 2257 Phfflippe,
517 2229 552 2247 en
571 2225 683 2249 sortant
694 2221 730 2248 de
745 2230 775 2249 sn
790 2222 908 2255 maison.
923 2221 1056 2250 continue
1071 2221 1100 2249 la
1119 2222 1318 2250 conversation
1335 2222 1403 2258 qu'il
1420 2223 1496 2250 vient

266 2265 373 2294 d’avoir
384 2271 454 2291 avec
466 2270 496 2289 sa
512 2261 582 2290 fine.
599 2262 659 2289 Elie
673 2262 711 2290 lui
723 2271 740 2290 a
752 2263 864 2291 declat-e
876 2262 980 2299 qu‘elle
997 2270 1034 2290 ne
1054 2261 1162 2290 voulait
1180 2263 1260 2299 point
1271 2268 1420 2292 retourner
1429 2264 1496 2293 chen

266 2312 317 2334 non
328 2307 433 2342 epum,
445 2305 532 2330 avant
543 2303 612 2339 qu‘il
627 2303 667 2331 tut
678 2311 783 2332 revenu
801 2304 839 2332 de
853 2312 904 2333 son
915 2311 1036 2341 voyage.
1051 2303 1190 2341 Phidippe
1202 2312 1239 2332 ne
1250 2309 1316 2332 veut
1328 2313 1380 2342 pas
1393 2305 1420 2332 lu
1431 2313 1496 2334 oon·
