1624 2632
745 323 1098 374 PROLOGUS

305 561 358 598 Ne
376 559 435 598 cui
458 558 507 597 sit
528 562 692 597 vestrum
715 559 867 603 mirum,
882 570 949 597 cur
967 563 1084 608 partis
1099 570 1179 598 seni

306 622 419 657 Poeta
438 618 597 665 dederit,
616 628 698 666 quae
719 622 804 655 sunt
822 617 1132 666 adulescentium,

307 678 345 715 ld
365 677 528 726 primum
548 676 669 714 dicam
687 676 846 714 :deinde
861 677 963 726 quod
983 677 1065 714 veni
1086 678 1253 727 eloquar.

307 739 355 774 Ex
375 737 516 784 integra
537 730 661 774 Graeca'
675 734 858 784 integram
874 736 1096 773 comoediam

307 794 422 833 Hodie
441 805 522 832 sum
542 799 691 832 acturus
710 797 877 832 Heauton
896 795 1172 833 timorumenon
1190 808 1201 834 z

307 853 469 902 Simplex
488 864 570 902 quae
590 864 632 891 ex
650 859 868 901 argumento
886 854 981 891 sacta
1005 858 1061 891 est
1080 854 1229 902 duplici.

308 916 447 951 Novam
469 923 549 950 esse
567 912 729 959 ostendi,
747 917 784 950 et
799 923 882 960 quae
901 917 998 950 esset
1015 925 1023 950 :
1047 924 1144 950 nunc
1163 914 1227 962 qui
1246 914 1451 962 scripserit,

308 976 351 1010 Et
375 973 458 1020 cuja
476 974 600 1010 Graeca
617 971 676 1018 sit,
696 971 735 1009 ni
757 976 899 1020 partem
919 983 1129 1010 maxumam

309 1030 564 1068 Existimarem
577 1031 671 1068 scire
691 1035 871 1077 vostrum,
890 1030 928 1067 id
945 1030 1121 1068 dicerem.

310 1093 426 1136 Nunc,
446 1089 690 1137 quamobrem
709 1088 777 1127 has
791 1090 907 1138 partis
923 1089 1132 1136 didicerim,
1150 1089 1276 1138 paucis
1289 1089 1398 1128 dabo.

309 1150 502 1186 Oratorem
522 1159 603 1186 esse
619 1147 734 1186 voluit
757 1159 833 1195 me,
854 1152 928 1185 non
949 1148 1148 1196 prologum
1167 1162 1178 1186 ε

311 1210 482 1245 Vostrum
497 1206 681 1255 judicium
699 1207 786 1244 fecit
809 1220 817 1244 :
839 1218 899 1244 me
919 1211 1082 1244 actorem
1100 1206 1217 1245 dedit.

311 1267 382 1304 Sed
406 1266 468 1304 hic
483 1270 587 1304 actor
606 1270 749 1304 tantum
771 1266 908 1315 poterit
928 1277 951 1303 a
965 1266 1153 1309 facundia,

310 1327 497 1370 Quantum
512 1325 576 1363 ille
597 1324 717 1374 potuit
735 1325 899 1373 cogitare
916 1325 1122 1370 commode,

310 1384 379 1430 Qui
399 1384 605 1422 orationem
626 1384 722 1421 hanc
741 1383 899 1432 scripsit,
915 1394 1029 1432 quam
1048 1383 1214 1422 dicturus
1228 1394 1323 1422 sum.

311 1446 402 1480 Nam
422 1443 523 1491 quod
539 1453 710 1480 rumores
728 1442 955 1480 distulerunt
972 1443 1161 1492 malevoli,

312 1502 443 1539 Multas
465 1501 735 1539 contaminasse
755 1503 910 1546 Graecas,
931 1501 1021 1538 dum
1037 1501 1126 1540 facit

313 1563 450 1598 Paucas
468 1560 614 1597 Latinas
635 1573 645 1597 ε
669 1560 807 1597 factum
830 1559 888 1597 hic
903 1570 983 1597 esse
1004 1560 1041 1597 id
1057 1571 1132 1598 non
1149 1564 1261 1609 negat
1278 1574 1289 1600 t

311 1621 437 1667 Neque
456 1629 495 1657 se
512 1618 653 1667 pigere,
675 1622 712 1656 et
727 1618 863 1656 deinde
884 1618 1068 1656 facturum
1085 1624 1265 1658 autumat.

314 1678 432 1716 Habet
451 1677 636 1715 bonorum
658 1677 869 1725 exemplum
889 1691 898 1715 :
918 1688 992 1725 quo
1010 1678 1180 1727 exemplo
1198 1678 1268 1717 sibi

313 1737 437 1774 Licere
453 1735 491 1773 id
508 1736 643 1778 facere,
658 1736 758 1784 quod
779 1735 834 1773 illi
854 1736 1035 1783 fecerunt,
1054 1741 1171 1784 putat.

312 1798 404 1832 Tum
425 1794 525 1843 quod
543 1794 746 1832 malevolus
764 1799 869 1832 vetus
889 1799 999 1836 poeta
1013 1795 1172 1842 dictitat,

313 1856 476 1902 Repente
496 1853 544 1890 ad
564 1853 728 1891 studium
744 1853 843 1891 hunc
861 1864 900 1891 se
919 1857 1123 1903 applicasse
1144 1854 1342 1898 musicum,

313 1913 484 1951 Amicum
502 1912 651 1961 ingenio
668 1913 819 1955 fretum,
841 1913 940 1950 haud
955 1917 1088 1950 natura
1106 1924 1200 1952 sua:

311 1971 513 2009 Arbitrium
533 1971 710 2019 vestrum,
730 1977 851 2010 vestra
869 1972 1104 2011 existumatio

312 2030 470 2068 Valebit.
493 2033 613 2075 Quare
633 2031 754 2069 omnis
772 2042 837 2069 vos
853 2035 979 2070 oratos
996 2031 1095 2077 volo,

310 2095 362 2129 Ne
383 2092 466 2141 plus
481 2092 648 2141 iniquum
665 2091 791 2141 possit,
812 2103 924 2141 quam
940 2102 1100 2140 aequom,
1118 2091 1251 2132 oratio.

312 2151 433 2189 Facite
447 2152 542 2199 aequi
560 2153 640 2189 sitis
656 2165 665 2189 ε
687 2152 772 2189 date
790 2151 979 2189 crescendi
997 2151 1159 2200 copiam,

349 2240 374 2264 1.
394 2239 486 2273 Voyez
501 2237 527 2265 le
539 2237 643 2265 second
660 2237 798 2274 Prologue
812 2238 848 2265 de
861 2237 1009 2275 l'He'cyre.
1026 2238 1150 2266 Terence
1164 2246 1180 2273 y
1194 2238 1333 2266 demande
1349 2238 1509 2275 &galement
1520 2239 1549 2268 h

315 2278 482 2315 permission
491 2278 526 2306 de
538 2279 609 2307 taire
623 2280 750 2314 pax-altre
767 2287 804 2306 un
817 2278 946 2307 vieillud
961 2281 976 2307 a
988 2281 1015 2307 la
1032 2279 1110 2314 place
1125 2281 1190 2307 d'uu
1207 2282 1288 2313 ieune
1305 2282 1424 2308 bonnue-
