1624 2632
313 217 386 252 244
824 216 919 254 HEC
931 217 1043 252 YRA.

787 341 975 381 SCENA
1004 341 1077 380 IV.

548 437 793 476 PARMENO,
828 437 990 476 SOSIA,
1021 436 1308 473 PAMPmLuS.

832 539 1019 567 mammo.

312 584 376 623 Ain
395 589 432 623 tu
456 585 522 624 tibi
541 586 611 625 hoc
628 587 906 625 incommodum
922 587 1086 626 evenisse
1104 586 1199 626 iter?

871 716 989 744 sosu.

311 763 388 800 Non
409 762 535 802 hercle
553 763 691 811 verbis,
710 766 908 811 Parmeno,
928 763 1000 802 dici
1019 768 1141 814 potest

311 822 482 865 Tantum,
503 832 616 871 quam
635 832 676 861 re
694 821 775 872 ipsa
791 823 963 871 navigare
983 821 1307 862 lncommodumst.

832 892 1016 919 ranneno.

310 940 410 977 Itane
430 940 510 977 est?

870 1010 986 1038 sosu.

522 1059 552 1097 Ο
569 1057 774 1106 fortunate,
792 1058 910 1096 nescis
925 1057 1015 1107 quid
1036 1057 1125 1096 mali

310 1116 547 1165 Praeterieris,
567 1116 631 1166 qui
652 1128 844 1166 nunquam
863 1128 904 1156 es
923 1117 1107 1165 ingressus
1125 1127 1241 1156 mare.

309 1176 399 1212 Nam
417 1175 507 1214 alias
532 1180 574 1214 ut
595 1176 740 1215 mittam
761 1176 941 1219 miserias,
959 1186 1070 1214 unam
1091 1175 1185 1215 hanc
1202 1176 1310 1215 vide:

308 1233 390 1271 Dies
413 1234 564 1283 triginta
581 1240 645 1273 aut
663 1235 746 1285 plus
765 1246 810 1274 eo
833 1235 871 1273 in
890 1235 973 1272 navi
994 1235 1061 1279 fui,

307 1297 428 1340 Quum
448 1296 590 1334 interea
609 1307 757 1345 semper
773 1301 931 1334 mortem
950 1295 1210 1345 exspectabam
1227 1295 1338 1335 miser
1350 1309 1363 1336 ς

308 1355 359 1392 lta
377 1365 495 1403 usque
512 1355 667 1393 advorsa
682 1359 901 1404 tempestate
922 1355 978 1392 usi
996 1365 1137 1394 sumus.

825 1424 1014 1452 mammo.

306 1471 494 1510 Odiosum.

861 1543 980 1570 sosu.

517 1589 620 1627 Haud
638 1589 733 1627 clam
753 1600 813 1628 me
830 1595 912 1628 est:
929 1589 1089 1638 denique
1104 1589 1230 1628 hercle
1249 1589 1455 1638 aufugerim

306 1647 444 1695 Potius,
461 1658 573 1697 quam
592 1649 759 1696 redeam,
779 1649 810 1687 si
830 1660 876 1688 eo
893 1649 944 1687 mi
964 1648 1196 1687 redeundum
1216 1650 1342 1687 sciam.

823 1778 1010 1806 numano.

304 1824 398 1863 Olim
416 1824 569 1874 quidem
590 1828 627 1863 te
644 1834 762 1863 causae
779 1824 1009 1873 inpellebant
1027 1824 1142 1874 leves,

303 1883 409 1929 Quod
427 1893 524 1921 nunc
541 1882 712 1921 minitare
730 1883 867 1930 facere,
888 1887 929 1922 ut
948 1884 1106 1931 faceres,
1121 1884 1235 1923 Sosia.

303 1942 372 1980 Sed
391 1941 623 1990 Pamphilum
642 1942 763 1990 ipsum
782 1942 890 1981 video
909 1947 1007 1981 stare
1027 1948 1111 1981 ante
1127 1942 1277 1981 ostium.

303 2003 353 2037 lte
373 2001 468 2038 intro
485 2013 494 2038 z
513 2011 582 2048 ego
602 2000 700 2038 hunc
719 2000 846 2048 adibo,
860 2002 892 2039 si
909 2001 999 2050 quid
1014 2012 1075 2040 me
1090 2001 1190 2039 velit.

303 2061 412 2106 Here,
433 2059 544 2097 etiam
567 2063 604 2097 tu
621 2058 681 2097 hic
700 2061 801 2098 stas?

807 2129 1026 2158 emmaus.

817 2179 860 2215 Et
875 2177 1027 2225 quidem
1047 2181 1084 2216 te
1100 2180 1284 2226 exspecto.

821 2247 1005 2275 rAuusNo.

1293 2294 1388 2341 Quid
1405 2295 1487 2334 est?
