1586 2658
161 168 231 204 172
674 173 895 212 HECYRA.

159 248 202 285 Et
222 248 258 285 in
274 248 499 289 deterrendo
517 251 719 291 voluissem
735 265 889 303 operam
910 266 1069 301 sumere,

160 307 204 343 Ut
217 307 253 344 in
273 308 350 346 otio
371 314 481 357 esset,
503 311 626 359 potius
645 323 759 361 quam
782 315 817 351 in
836 315 1008 363 negotio,

160 366 424 405 Deterruissem
444 369 568 416 facile,
583 381 631 409 ne
652 371 743 410 alias
759 373 949 412 scriberet.

158 426 261 462 Nunc
276 427 365 474 quid
384 432 522 476 petam·
544 439 626 468 mea
645 442 755 469 causa
769 443 875 481 aequo
891 433 1016 471 animo
1036 435 1228 473 attendite.

158 485 339 532 Hecyram
353 487 399 524 ad
419 497 483 525 vos
501 489 637 532 refero,
653 501 764 538 quam
787 491 878 529 mihi
900 503 968 541 per
986 493 1171 531 silentium

156 543 364 591 Numquam
386 557 494 594 agere
513 547 654 586 licitum
673 554 749 596 est3
768 549 819 587 ita
838 561 920 589 eam
939 553 1122 601 oppressit
1142 553 1347 593 calamitas.

157 603 244 639 Eam
264 603 515 644 calamitatem
529 613 652 645 vestra
670 608 924 657 intellegentia

156 660 318 705 Sedabit,
335 663 365 701 si
381 664 451 702 erit
469 665 628 713 adjutrix
643 671 776 705 nostrae
792 668 992 708 industriae.

155 720 274 763 Quum
295 721 457 769 primum
478 735 561 761 eam
582 736 690 773 agere
709 727 818 776 coepi,
834 729 1001 776 pugilum
1016 729 1146 778 gloria,

155 779 373 819 Funambuli
387 782 518 821 eodem
540 784 691 822 accessit
702 787 925 835 exspectatio
935 817 943 832 ,

154 839 339 877 Comitum
358 847 572 890 conventus,
592 845 780 893 strepitus,
801 846 943 885 clamor
959 847 1159 885 mulierum

154 898 303 946 Fecere,
319 904 358 938 ut
378 905 462 939 ante
484 906 631 951 tempus
650 904 788 943 exirem
810 906 921 944 foras.

153 957 285 995 Vetere
306 958 343 997 in
357 971 450 998 nova
463 962 556 1010 coepi
572 963 623 1000 uti
638 965 918 1012 consuetudine,

153 1018 190 1053 ln
213 1018 440 1065 experiundo
459 1026 500 1058 ut
518 1032 639 1059 essem
656 1036 666 1060 ι
684 1023 806 1061 refero
826 1023 965 1062 denuo.

153 1075 277 1114 Primo
296 1083 379 1115 actu
393 1079 537 1128 placeo,
558 1092 673 1129 quum
689 1082 832 1121 interea
846 1094 975 1121 rumor
987 1084 1087 1123 venit

152 1136 284 1173 Datum
305 1136 349 1174 iri
366 1138 618 1186 gladiatores:
638 1142 798 1190 populus
816 1143 1011 1181 convolat:

152 1195 451 1243 Tumultuantur‚
476 1198 650 1244 clamant,
669 1202 892 1249 pugnantde
912 1202 994 1241 loco
1011 1217 1021 1242 ε

151 1255 227 1301 Ego
242 1253 384 1293 interea
398 1268 522 1295 meum
546 1270 620 1297 non
635 1261 739 1308 potui
759 1262 871 1299 tutari
889 1262 1025 1300 locum.

150 1313 254 1350 Nunc
266 1315 373 1352 turba
387 1327 461 1354 non
477 1322 534 1355 est
552 1332 560 1356 :
577 1318 695 1356 otium
716 1325 751 1358 et
766 1321 954 1358 silentium
968 1325 1048 1359 est:

150 1372 291 1420 Agendi
316 1378 464 1424 tempus
482 1377 575 1414 mihi
591 1377 720 1416 datum
735 1384 792 1417 est
808 1393 816 1418 :
832 1380 937 1418 vobis
951 1380 1061 1418 datur

151 1432 315 1470 Potestas
329 1434 601 1474 condecorandi
617 1437 726 1476 ludos
740 1439 914 1477 scenicos.

150 1491 272 1529 Nolite
290 1492 411 1532 sinere
428 1506 497 1544 per
514 1507 578 1534 vos
598 1503 716 1535 artem
737 1498 916 1536 musicam

149 1551 327 1590 Recidere
344 1553 390 1591 ad
410 1565 570 1603 paucos:
589 1556 710 1600 facite,
730 1562 771 1594 ut
790 1562 912 1595 vestra
928 1559 1129 1597 auctoritas

149 1611 237 1648 Meae
252 1613 461 1651 auctoritati
481 1614 614 1652 fautrix
630 1616 866 1665 adjutrixque
881 1617 941 1655 sit.

148 1668 185 1706 Si
201 1681 405 1720 numquam
425 1685 533 1713 avare
547 1675 708 1724 pretium
727 1676 837 1714 statui
857 1677 928 1714 arti
940 1687 1051 1724 meae3

147 1729 191 1766 Et
211 1739 297 1767 eum
316 1742 396 1770 esse
416 1738 597 1781 quaestum
613 1735 651 1772 in
667 1735 832 1772 animum
859 1735 985 1773 induxi
1000 1747 1230 1785 maxumum,

148 1789 265 1833 Quam
283 1800 455 1830 maxume
470 1793 606 1831 servire
623 1793 755 1832 vostris
771 1794 977 1833 commodis
984 1809 996 1842 3

148 1847 264 1886 Sinite
277 1849 477 1898 impetrare
494 1863 568 1900 me,
587 1854 651 1902 qui
672 1853 709 1891 in
726 1854 881 1892 tutelam
902 1865 1025 1892 meam

149 1907 320 1945 Studium
337 1920 460 1958 suum,
479 1915 516 1949 et
529 1923 568 1950 se
582 1912 620 1950 in
639 1916 799 1950 vostram
819 1912 1008 1952 commisit
1028 1912 1155 1961 tidem,

147 1969 199 2005 Ne
211 1978 296 2005 eum
309 1969 602 2009 circumventum
620 1971 746 2020 inique
759 1972 878 2021 iniqui
897 1972 1096 2010 inrideant.

148 2029 227 2065 Mea
247 2039 357 2066 causa
374 2040 523 2068 causam
544 2030 713 2080 accipite,
736 2036 773 2069 et
787 2031 872 2069 date
891 2031 1095 2077 silentium,

147 2087 193 2124 Ut
213 2086 339 2125 lubeat
354 2088 517 2127 scribere
533 2089 639 2134 alias,
658 2090 827 2139 mihique
846 2095 887 2128 ut
902 2090 1044 2129 discere

147 2146 265 2184 Novas
277 2147 464 2196 expediat,
485 2149 637 2197 posthac
658 2149 777 2198 pretio
797 2153 941 2199 emptas
956 2159 1054 2188 meo.

184 2230 212 2257 1.
232 2231 270 2257 ce
289 2230 429 2267 prologue
447 2235 491 2259 est
506 2232 707 2267 remarquable
723 2232 869 2260 ‹Padi-esse
882 2235 910 2260 et
928 2232 963 2260 de
984 2241 1175 2262 convenance.
1195 2233 1328 2262 L’auteur
1339 2243 1390 2263 rn-

146 2275 229 2300 conte
240 2275 397 2301 nettemeut
416 2272 459 2300 les
478 2273 544 2300 faits
564 2273 615 2308 qui
626 2278 676 2301 ont
689 2282 790 2302 amene
803 2274 832 2301 la
844 2273 949 2302 double
967 2275 1052 2302 chute
1069 2274 1105 2302 de
1125 2283 1156 2303 sa
1175 2274 1265 2311 pieoe,
1282 2275 1353 2304 mnis
1367 2274 1389 2303 ἰΙ
