1624 2632
141 210 210 248 338
426 212 666 250 HEAUTON
697 213 1087 253 TlMORUMENOS.

141 291 234 336 Quid
257 291 326 328 vini
347 290 579 340 absumpsit?
598 293 655 330 Sic
675 293 759 339 hoc,
777 294 901 332 dicens
923 308 931 332 :
955 298 1133 343 Asperum

145 353 250 388 Pater
269 350 337 388 hoc
355 355 431 398 est3
452 350 551 388 aliud
572 351 690 390 lenius
704 352 814 390 sodes
832 352 927 391 vide.

143 408 266 446 Relevi
283 409 381 446 dolia
401 409 539 446 omnia:
558 409 680 447 omnis
697 410 811 448 serias
833 425 841 449 ε

143 467 270 506 Omnis
286 466 459 505 sollicitos
473 467 584 505 habui
602 481 612 506 ε
633 472 743 516 atque
759 468 836 507 haec
855 481 929 508 una
943 481 1015 508 nox
1032 483 1043 509 z

143 526 238 572 Quid
260 525 474 564 tefuturum
491 537 630 571 censes,
647 538 759 576 quem
778 528 930 567 adsidue
949 528 1132 567 exedent?

145 585 202 623 Sic
221 596 279 623 me
301 585 339 622 di
355 584 547 633 amabunt,
564 589 604 623 ut
620 596 679 624 me
697 590 843 625 tuarum
863 587 1118 636 miseritumst,

145 643 374 692 Menedeme,
389 643 635 682 fortunarum,

634 715 875 757 ‘maneamus

652 763 775 801 Faciat
792 763 893 812 quod
910 763 1014 803 lubet
1032 776 1044 804 ε

145 823 286 865 Sumat‚
302 826 507 865 consumat,
528 821 676 870 perdat,
697 821 921 861 decretumst
938 823 1028 872 pati,

147 884 238 919 Dum
256 881 362 919 illum
382 879 493 919 modo
513 879 671 919 habeam
686 891 845 919 mecum.

673 951 851 979 canamus.

856 1000 892 1039 Si
908 1004 1085 1039 certumst
1099 999 1168 1041 tibi

146 1059 204 1098 Sic
219 1058 354 1103 facere,
375 1057 469 1096 illud
488 1057 681 1107 permagni
700 1059 840 1096 referre
856 1059 1031 1108 arbitror,

148 1121 194 1157 Ut
210 1128 258 1157 ne
277 1118 455 1157 scientem
474 1117 611 1156 sentiat
630 1121 667 1156 te
686 1117 724 1155 id
739 1117 809 1156 sibi
823 1118 925 1158 dare.

649 1188 878 1216 tremamus.

145 1237 241 1284 Quid
260 1236 391 1276 faciam
401 1238 422 1274 ⁴?

673 1306 850 1333 cannes.

431 1353 581 1401 Quidvis
597 1353 720 1404 potius
736 1365 846 1403 quam
862 1354 964 1403 quod
981 1355 1131 1404 cogitas.

148 1419 218 1455 Per
235 1415 350 1453 alium
370 1412 537 1463 quemvis
551 1416 593 1450 ut
612 1412 678 1451 des
696 1426 704 1450 :
726 1412 803 1450 salli
820 1417 856 1450 te
874 1413 972 1451 sinas

147 1474 304 1514 Technis
322 1484 390 1522 per
405 1471 591 1510 servolum
605 1484 622 1517 ‚z
645 1471 714 1509 etsi
733 1471 898 1509 subsensi
915 1472 953 1509 id
971 1483 1135 1522 quoque,

149 1534 236 1573 Illos
253 1533 305 1571 ibi
322 1543 402 1571 esse
421 1537 458 1569 et
476 1530 514 1568 id
530 1541 641 1579 agere
658 1531 756 1568 inter
774 1541 814 1569 se
830 1531 1054 1569 clanculum.

149 1596 260 1643 Syrus
274 1603 359 1631 cum
379 1591 442 1629 illo
460 1594 583 1628 vestro
603 1595 884 1638 consusurrant3
908 1591 1102 1630 conferunt

150 1653 309 1691 Consilia
330 1650 586 1689 adulescentes
607 1662 617 1688 z
637 1654 676 1688 et
693 1649 759 1687 tibi
779 1650 936 1699 perdere

150 1712 342 1750 Talentum
363 1710 433 1748 hoc
453 1714 560 1758 pacto
581 1709 695 1747 satius
710 1713 781 1756 est,
801 1719 912 1757 quam
932 1709 997 1747 illo
1018 1709 1170 1749 minam.

153 1775 230 1809 Non
247 1781 344 1808 nune
360 1767 515 1818 pecunia
532 1767 665 1816 agitur,
689 1767 754 1805 sed
772 1767 880 1813 illud,
893 1768 1084 1816 quomodo

152 1830 302 1877 Minimo
317 1828 455 1878 periclo
471 1826 508 1864 id
524 1827 655 1864 demus
673 1827 965 1865 adulescentulo.

153 1893 243 1928 Nam
260 1889 290 1926 si
306 1887 420 1926 semel
441 1891 546 1924 tuum
562 1885 727 1924 animum
748 1886 813 1923 ille
830 1885 1068 1933 intellexerit,

155 1948 259 1986 Prius
274 1945 510 1996 proditurum
525 1949 562 1983 te
580 1949 681 1983 tuam
700 1944 825 1988 vitam,
845 1948 882 1982 et
897 1945 1000 1993 prius

156 2006 354 2045 Pecuniam
371 2014 534 2048 omnem,
556 2014 668 2053 quam
690 2004 756 2042 abs
773 2007 809 2042 te
823 2003 971 2042 amittas
986 2002 1105 2041 tilium
1123 2016 1134 2041 ε
1156 2003 1238 2052 hui,

157 2068 338 2111 Quantam
359 2063 558 2101 fenestram
577 2062 628 2101 ad
641 2062 843 2112 nequitiem
857 2061 1098 2111 patefeceris!

158 2125 239 2162 Tibi
257 2129 381 2162 autem
401 2133 512 2172 porro
533 2127 572 2159 ut
587 2133 660 2160 non
676 2122 724 2159 sit
741 2132 850 2160 suave
863 2122 1011 2160 vivere:

160 2188 250 2222 Nam
271 2183 472 2221 deteriores
489 2192 618 2220 omnes
633 2193 760 2220 sumus
780 2181 938 2219 licentia.

158 2243 423 2290 Quodcumque
443 2239 612 2279 inciderit
628 2240 664 2277 in
682 2244 860 2287 mentem,
878 2240 975 2278 volet
994 2253 1004 2278 z
1025 2250 1145 2288 neque
1162 2239 1199 2277 id

162 2302 308 2341 Putabit
325 2312 478 2352 pravum
493 2311 541 2338 an
556 2303 698 2338 rectum
717 2299 776 2347 sit,
794 2299 895 2349 quod
913 2303 1024 2348 petet.
