1624 2632
275 231 344 266 216
783 226 1000 264 HECYRA.

783 315 1000 343 nunninus.

278 369 316 405 ln
334 377 456 405 arcem
473 370 685 405 transcurso
699 375 793 414 opus
809 369 877 403 est.

800 434 986 462 nunno.

891 481 957 520 Cui
980 481 1146 520 homini?

785 552 1004 581 ιωιινιιιιυε.

1166 599 1260 639 Tibi.

799 671 984 699 numo.

282 724 319 760 ln
336 724 487 760 arcem?
500 720 596 767 Quid
613 722 687 759 eo?

787 789 1006 816 PAququ.

706 836 986 875 Callidemidem
1006 837 1191 886 hospitem

283 899 503 948 Myconium,
526 897 591 947 qui
612 907 758 935 mecum
775 907 848 934 una
865 901 1018 940 vectust,
1036 895 1203 934 conveni.

801 966 986 993 nunno.

285 1017 393 1055 Perii.
412 1015 560 1055 vovisse
578 1015 675 1053 hunc
692 1014 826 1058 dicam,
845 1014 877 1052 si
895 1015 1016 1066 salvus
1034 1013 1187 1052 domum

285 1077 450 1116 Redisset
467 1085 659 1124 umquam,
678 1077 719 1112 ut
736 1084 796 1112 me
811 1072 1034 1111 ambulando
1052 1076 1255 1122 rumperet.

795 1143 1012 1171 numus.

285 1194 380 1239 Quid
397 1195 541 1232 cessas?

805 1261 990 1289 unusne.

562 1310 658 1357 Quid
677 1309 730 1348 vis
752 1309 897 1348 dicam?
913 1312 968 1346 An
988 1309 1204 1347 conveniam
1226 1311 1366 1349 modo?

794 1377 1012 1404 nummus.

287 1430 417 1475 Immo,
433 1426 535 1476 quod
549 1425 721 1465 constitui
744 1436 804 1463 me
823 1424 933 1463 hodie
950 1429 1215 1462 conventurum
1239 1435 1342 1473 eum,

287 1489 368 1526 Non
386 1497 507 1537 posse,
522 1496 569 1524 ne
589 1495 648 1523 me
666 1485 802 1522 frustra
820 1484 896 1521 illic
914 1489 1112 1532 exspectet.
1129 1483 1231 1522 Vola.

807 1614 989 1640 numano.

289 1671 333 1703 At
349 1675 422 1703 non
439 1663 526 1702 novi
541 1662 700 1701 hominIs
715 1661 860 1700 faciem.

794 1731 1014 1758 nummus.

874 1783 918 1817 At
936 1779 1068 1817 faciam
1087 1784 1126 1817 ut
1143 1779 1314 1818 noveris:

290 1844 452 1889 Magnus,
466 1839 703 1885 rubicundus,
720 1838 874 1887 crispus,
892 1849 1050 1885 crassus,
1070 1838 1236 1885 caesinus‚

289 1901 516 1938 Cadaverosa
534 1899 641 1937 facie.

811 1951 996 1995 nummo.

667 2016 708 2054 Di
728 2016 834 2054 illum
855 2016 1041 2065 perduint.

288 2076 398 2123 Quid,
422 2076 452 2115 si
472 2088 545 2114 non
562 2076 710 2115 veniet?
727 2078 942 2114 Maneamne
969 2086 1083 2123 usque
1105 2075 1151 2112 ad
1172 2075 1389 2123 vesnerum‘?

348 2153 350 2158 ·
795 2146 1010 2173 nunninus.

289 2198 433 2234 maneto
452 2208 461 2234 :
479 2205 599 2233 curre.

324 2330 352 2358 ¹.
372 2330 462 2358 Petite
473 2328 512 2358 ile
523 2327 575 2357 de·
590 2328 736 2365 cyclades,
752 2337 807 2357 non
825 2328 882 2356 loin
898 2327 933 2355 de
954 2326 1045 2355 nelos.
1069 2327 1110 2354 On
1130 2333 1315 2364 femurquera
1333 2324 1361 2352 la
1375 2323 1471 2361 gaiete
1482 2321 1522 2354 ΐὶὓ
