<?xml version="1.0" encoding="UTF-8"?>
<!DOCTYPE html PUBLIC "-//W3C//DTD XHTML 1.0 Transitional//EN"
    "http://www.w3.org/TR/xhtml1/DTD/xhtml1-transitional.dtd">
<html xmlns="http://www.w3.org/1999/xhtml" xml:lang="en" lang="en">
 <head>
  <title>
</title>
<meta http-equiv="Content-Type" content="text/html;charset=utf-8" />
  <meta name='ocr-system' content='tesseract 3.04.00' />
  <meta name='ocr-capabilities' content='ocr_page ocr_carea ocr_par ocr_line ocrx_word'/>
</head>
<body>
  <div class='ocr_page' id='page_1' title='image "./comdiesdetre01tereuoft_0426.png"; bbox 0 0 1624 2632; ppageno 0'>
   <div class='ocr_carea' id='block_1_1' title="bbox 241 192 1189 233">
    <p class='ocr_par' dir='ltr' id='par_1_1' title="bbox 241 192 1189 233">
     <span class='ocr_line' id='line_1_1' title="bbox 241 192 1189 233; baseline -0.001 -3"><span class='ocrx_word' id='word_1_1' title='bbox 241 195 310 233; x_wconf 70' lang='lat'>364</span> <span class='ocrx_word' id='word_1_2' title='bbox 524 194 765 232; x_wconf 81' lang='lat' dir='ltr'>HEAUTON</span> <span class='ocrx_word' id='word_1_3' title='bbox 797 192 1189 231; x_wconf 66' lang='lat' dir='ltr'>TlMORUMENOS.</span> 
     </span>
    </p>
   </div>
   <div class='ocr_carea' id='block_1_2' title="bbox 214 283 1473 1617">
    <p class='ocr_par' dir='ltr' id='par_1_2' title="bbox 214 283 1473 1617">
     <span class='ocr_line' id='line_1_2' title="bbox 767 283 948 311; baseline 0.006 -1"><span class='ocrx_word' id='word_1_4' title='bbox 767 283 948 311; x_wconf 70' lang='lat' dir='ltr'>cunutus.</span> 
     </span>
     <span class='ocr_line' id='line_1_3' title="bbox 530 331 1471 382; baseline -0.001 -11"><span class='ocrx_word' id='word_1_5' title='bbox 530 333 561 371; x_wconf 89' lang='grc' dir='ltr'>Ο</span> <span class='ocrx_word' id='word_1_6' title='bbox 575 331 756 382; x_wconf 74' lang='lat' dir='ltr'>luppiter,</span> <span class='ocrx_word' id='word_1_7' title='bbox 773 336 915 370; x_wconf 83' lang='lat' dir='ltr'><strong>tantam</strong></span> <span class='ocrx_word' id='word_1_8' title='bbox 930 342 1010 370; x_wconf 82' lang='lat' dir='ltr'>esse</span> <span class='ocrx_word' id='word_1_9' title='bbox 1028 331 1066 369; x_wconf 91' lang='lat' dir='ltr'>in</span> <span class='ocrx_word' id='word_1_10' title='bbox 1082 331 1207 370; x_wconf 86' lang='lat' dir='ltr'>animo</span> <span class='ocrx_word' id='word_1_11' title='bbox 1223 332 1433 373; x_wconf 85' lang='lat' dir='ltr'>inscitiam</span> <span class='ocrx_word' id='word_1_12' title='bbox 1451 331 1471 370; x_wconf 71' lang='grc' dir='ltr'>ἶ)</span> 
     </span>
     <span class='ocr_line' id='line_1_4' title="bbox 758 402 955 430; baseline -0.015 0"><span class='ocrx_word' id='word_1_13' title='bbox 758 402 955 430; x_wconf 57' lang='lat' dir='ltr'>sosimus.</span> 
     </span>
     <span class='ocr_line' id='line_1_5' title="bbox 241 449 679 499; baseline 0 -11"><span class='ocrx_word' id='word_1_14' title='bbox 241 449 338 488; x_wconf 87' lang='lat' dir='ltr'>Perii</span> <span class='ocrx_word' id='word_1_15' title='bbox 354 463 364 490; x_wconf 71' lang='grc' dir='ltr'>ε</span> <span class='ocrx_word' id='word_1_16' title='bbox 382 449 474 499; x_wconf 91' lang='lat' dir='ltr'>quid</span> <span class='ocrx_word' id='word_1_17' title='bbox 488 460 557 499; x_wconf 86' lang='lat' dir='ltr'>ego</span> <span class='ocrx_word' id='word_1_18' title='bbox 576 450 649 495; x_wconf 82' lang='lat' dir='ltr'>feci</span> <span class='ocrx_word' id='word_1_19' title='bbox 659 452 679 488; x_wconf 73' lang='lat'>⁶?</span> 
     </span>
     <span class='ocr_line' id='line_1_6' title="bbox 338 505 947 548; baseline 0.003 -2"><span class='ocrx_word' id='word_1_20' title='bbox 338 505 358 509; x_wconf 50' lang='lat'>“⁷</span> <span class='ocrx_word' id='word_1_21' title='bbox 766 520 947 548; x_wconf 66' lang='lat' dir='ltr'>cunnum,</span> 
     </span>
     <span class='ocr_line' id='line_1_7' title="bbox 688 568 869 617; baseline -0.011 -9"><span class='ocrx_word' id='word_1_22' title='bbox 688 568 838 617; x_wconf 77' lang='lat' dir='ltr'>Rogitas</span> <span class='ocrx_word' id='word_1_23' title='bbox 849 570 869 606; x_wconf 74' lang='lat'>2&gt;</span> 
     </span>
     <span class='ocr_line' id='line_1_8' title="bbox 752 638 950 666; baseline -0.01 0"><span class='ocrx_word' id='word_1_24' title='bbox 752 638 950 666; x_wconf 63' lang='lat' dir='ltr'>sos-rnna.</span> 
     </span>
     <span class='ocr_line' id='line_1_9' title="bbox 880 685 1357 734; baseline 0.004 -11"><span class='ocrx_word' id='word_1_25' title='bbox 880 686 919 723; x_wconf 85' lang='lat' dir='ltr'>Si</span> <span class='ocrx_word' id='word_1_26' title='bbox 937 685 1098 734; x_wconf 82' lang='lat' dir='ltr'>peccavi,</span> <span class='ocrx_word' id='word_1_27' title='bbox 1116 686 1167 724; x_wconf 90' lang='lat' dir='ltr'>mi</span> <span class='ocrx_word' id='word_1_28' title='bbox 1185 686 1357 734; x_wconf 85' lang='lat' dir='ltr'>Chreme,</span> 
     </span>
     <span class='ocr_line' id='line_1_10' title="bbox 239 744 502 784; baseline 0.011 -3"><span class='ocrx_word' id='word_1_29' title='bbox 239 744 399 782; x_wconf 69' lang='lat' dir='ltr'>insciens</span> <span class='ocrx_word' id='word_1_30' title='bbox 415 744 502 784; x_wconf 81' lang='lat' dir='ltr'>feci.</span> 
     </span>
     <span class='ocr_line' id='line_1_11' title="bbox 763 814 943 842; baseline 0.006 -2"><span class='ocrx_word' id='word_1_31' title='bbox 763 814 943 842; x_wconf 67' lang='lat' dir='ltr'>canens</span> 
     </span>
     <span class='ocr_line' id='line_1_12' title="bbox 510 861 1328 911; baseline 0.001 -12"><span class='ocrx_word' id='word_1_32' title='bbox 510 862 550 899; x_wconf 91' lang='lat' dir='ltr'>ld</span> <span class='ocrx_word' id='word_1_33' title='bbox 573 861 748 910; x_wconf 83' lang='lat' dir='ltr'>equidem</span> <span class='ocrx_word' id='word_1_34' title='bbox 768 872 851 911; x_wconf 89' lang='lat' dir='ltr'>ego,</span> <span class='ocrx_word' id='word_1_35' title='bbox 868 861 898 899; x_wconf 93' lang='lat' dir='ltr'>si</span> <span class='ocrx_word' id='word_1_36' title='bbox 919 866 957 899; x_wconf 89' lang='lat' dir='ltr'>tu</span> <span class='ocrx_word' id='word_1_37' title='bbox 978 872 1106 910; x_wconf 84' lang='lat' dir='ltr'><strong>neges,</strong></span> <span class='ocrx_word' id='word_1_38' title='bbox 1124 868 1226 900; x_wconf 82' lang='lat' dir='ltr'>certo</span> <span class='ocrx_word' id='word_1_39' title='bbox 1240 863 1328 908; x_wconf 85' lang='lat' dir='ltr'>scio,</span> 
     </span>
     <span class='ocr_line' id='line_1_13' title="bbox 235 920 1450 969; baseline 0.002 -13"><span class='ocrx_word' id='word_1_40' title='bbox 235 922 288 956; x_wconf 84' lang='lat' dir='ltr'>Te</span> <span class='ocrx_word' id='word_1_41' title='bbox 309 920 523 958; x_wconf 79' lang='lat' dir='ltr'>inscientem</span> <span class='ocrx_word' id='word_1_42' title='bbox 547 925 656 969; x_wconf 87' lang='lat' dir='ltr'>atque</span> <span class='ocrx_word' id='word_1_43' title='bbox 676 920 951 969; x_wconf 87' lang='lat' dir='ltr'>imprudentem</span> <span class='ocrx_word' id='word_1_44' title='bbox 967 920 1090 958; x_wconf 82' lang='lat' dir='ltr'>dicere</span> <span class='ocrx_word' id='word_1_45' title='bbox 1108 932 1150 959; x_wconf 87' lang='lat' dir='ltr'>ac</span> <span class='ocrx_word' id='word_1_46' title='bbox 1165 921 1286 959; x_wconf 81' lang='lat' dir='ltr'>facere</span> <span class='ocrx_word' id='word_1_47' title='bbox 1305 922 1450 968; x_wconf 82' lang='lat' dir='ltr'>omnia3</span> 
     </span>
     <span class='ocr_line' id='line_1_14' title="bbox 236 979 1450 1028; baseline 0.003 -13"><span class='ocrx_word' id='word_1_48' title='bbox 236 981 305 1015; x_wconf 84' lang='lat' dir='ltr'>Tot</span> <span class='ocrx_word' id='word_1_49' title='bbox 324 983 471 1025; x_wconf 83' lang='lat' dir='ltr'>peccata</span> <span class='ocrx_word' id='word_1_50' title='bbox 489 979 526 1016; x_wconf 92' lang='lat' dir='ltr'>in</span> <span class='ocrx_word' id='word_1_51' title='bbox 542 979 611 1017; x_wconf 93' lang='lat' dir='ltr'>hac</span> <span class='ocrx_word' id='word_1_52' title='bbox 624 990 664 1017; x_wconf 85' lang='lat' dir='ltr'>re</span> <span class='ocrx_word' id='word_1_53' title='bbox 681 979 856 1017; x_wconf 89' lang='lat' dir='ltr'>ostendis.</span> <span class='ocrx_word' id='word_1_54' title='bbox 872 982 964 1017; x_wconf 85' lang='lat' dir='ltr'>Nam</span> <span class='ocrx_word' id='word_1_55' title='bbox 981 979 1060 1027; x_wconf 91' lang='lat' dir='ltr'>jam</span> <span class='ocrx_word' id='word_1_56' title='bbox 1080 979 1256 1028; x_wconf 87' lang='lat' dir='ltr'>primum,</span> <span class='ocrx_word' id='word_1_57' title='bbox 1277 980 1306 1018; x_wconf 91' lang='lat' dir='ltr'>si</span> <span class='ocrx_word' id='word_1_58' title='bbox 1327 991 1450 1019; x_wconf 86' lang='lat' dir='ltr'>meum</span> 
     </span>
     <span class='ocr_line' id='line_1_15' title="bbox 240 1037 1319 1087; baseline 0.005 -14"><span class='ocrx_word' id='word_1_59' title='bbox 240 1037 437 1085; x_wconf 85' lang='lat' dir='ltr'>Imperium</span> <span class='ocrx_word' id='word_1_60' title='bbox 457 1038 606 1086; x_wconf 87' lang='lat' dir='ltr'>exsequi</span> <span class='ocrx_word' id='word_1_61' title='bbox 625 1038 819 1085; x_wconf 89' lang='lat' dir='ltr'>voluisses,</span> <span class='ocrx_word' id='word_1_62' title='bbox 842 1038 1105 1087; x_wconf 82' lang='lat' dir='ltr'>interemptam</span> <span class='ocrx_word' id='word_1_63' title='bbox 1125 1040 1290 1087; x_wconf 90' lang='lat' dir='ltr'>oportuit</span> <span class='ocrx_word' id='word_1_64' title='bbox 1309 1053 1319 1078; x_wconf 73' lang='grc' dir='ltr'><strong><em>ε</em></strong></span> 
     </span>
     <span class='ocr_line' id='line_1_16' title="bbox 237 1096 1345 1146; baseline 0.004 -14"><span class='ocrx_word' id='word_1_65' title='bbox 237 1098 317 1133; x_wconf 89' lang='lat' dir='ltr'>Non</span> <span class='ocrx_word' id='word_1_66' title='bbox 337 1096 510 1134; x_wconf 83' lang='lat' dir='ltr'>simulare</span> <span class='ocrx_word' id='word_1_67' title='bbox 527 1102 687 1135; x_wconf 90' lang='lat' dir='ltr'>mortem</span> <span class='ocrx_word' id='word_1_68' title='bbox 703 1097 840 1144; x_wconf 83' lang='lat' dir='ltr'>verbis,</span> <span class='ocrx_word' id='word_1_69' title='bbox 862 1097 999 1146; x_wconf 85' lang='lat' dir='ltr'>reipsa</span> <span class='ocrx_word' id='word_1_70' title='bbox 1017 1108 1120 1146; x_wconf 87' lang='lat' dir='ltr'>spem</span> <span class='ocrx_word' id='word_1_71' title='bbox 1140 1098 1222 1136; x_wconf 85' lang='lat' dir='ltr'>vitae</span> <span class='ocrx_word' id='word_1_72' title='bbox 1240 1097 1345 1136; x_wconf 89' lang='lat' dir='ltr'>dare.</span> 
     </span>
     <span class='ocr_line' id='line_1_17' title="bbox 239 1154 1321 1203; baseline 0.003 -12"><span class='ocrx_word' id='word_1_73' title='bbox 239 1159 284 1192; x_wconf 88' lang='lat' dir='ltr'>At</span> <span class='ocrx_word' id='word_1_74' title='bbox 302 1154 338 1192; x_wconf 92' lang='lat' dir='ltr'>id</span> <span class='ocrx_word' id='word_1_75' title='bbox 359 1155 492 1193; x_wconf 85' lang='lat' dir='ltr'>omitto</span> <span class='ocrx_word' id='word_1_76' title='bbox 510 1169 518 1193; x_wconf 76' lang='grc' dir='ltr'>ε</span> <span class='ocrx_word' id='word_1_77' title='bbox 540 1156 809 1203; x_wconf 81' lang='lat' dir='ltr'>misericordia,</span> <span class='ocrx_word' id='word_1_78' title='bbox 823 1156 970 1194; x_wconf 80' lang='lat' dir='ltr'>animus</span> <span class='ocrx_word' id='word_1_79' title='bbox 988 1160 1178 1194; x_wconf 86' lang='lat' dir='ltr'>maternus</span> <span class='ocrx_word' id='word_1_80' title='bbox 1195 1170 1205 1194; x_wconf 75' lang='grc' dir='ltr'><strong><em>ε</em></strong></span> <span class='ocrx_word' id='word_1_81' title='bbox 1226 1157 1321 1195; x_wconf 89' lang='lat' dir='ltr'>sino.</span> 
     </span>
     <span class='ocr_line' id='line_1_18' title="bbox 235 1215 1471 1265; baseline 0.002 -14"><span class='ocrx_word' id='word_1_82' title='bbox 235 1216 355 1259; x_wconf 82' lang='lat' dir='ltr'>Quam</span> <span class='ocrx_word' id='word_1_83' title='bbox 368 1215 459 1252; x_wconf 85' lang='lat' dir='ltr'>bene</span> <span class='ocrx_word' id='word_1_84' title='bbox 474 1225 560 1252; x_wconf 89' lang='lat' dir='ltr'>vero</span> <span class='ocrx_word' id='word_1_85' title='bbox 575 1215 688 1254; x_wconf 86' lang='lat' dir='ltr'>abste</span> <span class='ocrx_word' id='word_1_86' title='bbox 700 1219 937 1264; x_wconf 88' lang='lat' dir='ltr'>prospectum</span> <span class='ocrx_word' id='word_1_87' title='bbox 946 1217 1020 1253; x_wconf 90' lang='lat' dir='ltr'>est!</span> <span class='ocrx_word' id='word_1_88' title='bbox 1035 1215 1131 1261; x_wconf 85' lang='lat' dir='ltr'>Quid</span> <span class='ocrx_word' id='word_1_89' title='bbox 1146 1215 1320 1254; x_wconf 78' lang='lat' dir='ltr'>voluisti?</span> <span class='ocrx_word' id='word_1_90' title='bbox 1332 1216 1471 1265; x_wconf 84' lang='lat' dir='ltr'>Cogita.</span> 
     </span>
     <span class='ocr_line' id='line_1_19' title="bbox 239 1268 1285 1323; baseline 0.003 -13"><span class='ocrx_word' id='word_1_91' title='bbox 239 1275 378 1322; x_wconf 86' lang='lat' dir='ltr'>Nempe</span> <span class='ocrx_word' id='word_1_92' title='bbox 398 1274 484 1311; x_wconf 87' lang='lat' dir='ltr'>anui</span> <span class='ocrx_word' id='word_1_93' title='bbox 506 1274 560 1312; x_wconf 88' lang='lat' dir='ltr'>illi</span> <span class='ocrx_word' id='word_1_94' title='bbox 577 1275 725 1323; x_wconf 82' lang='lat' dir='ltr'>prodita</span> <span class='ocrx_word' id='word_1_95' title='bbox 742 1274 808 1312; x_wconf 90' lang='lat' dir='ltr'>abs</span> <span class='ocrx_word' id='word_1_96' title='bbox 826 1278 862 1312; x_wconf 87' lang='lat' dir='ltr'>te</span> <span class='ocrx_word' id='word_1_97' title='bbox 880 1268 956 1311; x_wconf 84' lang='lat' dir='ltr'>fllia</span> <span class='ocrx_word' id='word_1_98' title='bbox 969 1280 1026 1312; x_wconf 88' lang='lat' dir='ltr'>est</span> <span class='ocrx_word' id='word_1_99' title='bbox 1044 1274 1285 1323; x_wconf 87' lang='lat' dir='ltr'>planissume,</span> 
     </span>
     <span class='ocr_line' id='line_1_20' title="bbox 239 1332 1341 1382; baseline 0.003 -14"><span class='ocrx_word' id='word_1_100' title='bbox 239 1334 307 1369; x_wconf 91' lang='lat' dir='ltr'>Per</span> <span class='ocrx_word' id='word_1_101' title='bbox 322 1336 358 1369; x_wconf 89' lang='lat' dir='ltr'>te</span> <span class='ocrx_word' id='word_1_102' title='bbox 375 1332 431 1369; x_wconf 85' lang='lat' dir='ltr'>vel</span> <span class='ocrx_word' id='word_1_103' title='bbox 453 1332 506 1370; x_wconf 87' lang='lat' dir='ltr'>uti</span> <span class='ocrx_word' id='word_1_104' title='bbox 527 1337 709 1382; x_wconf 87' lang='lat' dir='ltr'>quaestum</span> <span class='ocrx_word' id='word_1_105' title='bbox 729 1334 879 1377; x_wconf 76' lang='lat' dir='ltr'>faceret,</span> <span class='ocrx_word' id='word_1_106' title='bbox 901 1333 959 1371; x_wconf 86' lang='lat' dir='ltr'>vel</span> <span class='ocrx_word' id='word_1_107' title='bbox 975 1333 1030 1371; x_wconf 88' lang='lat' dir='ltr'>uti</span> <span class='ocrx_word' id='word_1_108' title='bbox 1049 1333 1189 1372; x_wconf 89' lang='lat' dir='ltr'>veniret</span> <span class='ocrx_word' id='word_1_109' title='bbox 1204 1333 1341 1382; x_wconf 88' lang='lat' dir='ltr'>palam.</span> 
     </span>
     <span class='ocr_line' id='line_1_21' title="bbox 214 1390 1362 1440; baseline 0.003 -12"><span class='ocrx_word' id='word_1_110' title='bbox 214 1394 220 1402; x_wconf 90' lang='lat'><em>&#39;</em></span> <span class='ocrx_word' id='word_1_111' title='bbox 237 1391 372 1437; x_wconf 82' lang='lat' dir='ltr'>Credo,</span> <span class='ocrx_word' id='word_1_112' title='bbox 391 1390 429 1428; x_wconf 94' lang='lat' dir='ltr'>id</span> <span class='ocrx_word' id='word_1_113' title='bbox 445 1391 611 1440; x_wconf 76' lang='lat' dir='ltr'>cogitasti</span> <span class='ocrx_word' id='word_1_114' title='bbox 631 1408 641 1429; x_wconf 70' lang='grc' dir='ltr'>ς</span> <span class='ocrx_word' id='word_1_115' title='bbox 660 1392 811 1438; x_wconf 84' lang='lat' dir='ltr'>Quidvis</span> <span class='ocrx_word' id='word_1_116' title='bbox 829 1391 919 1430; x_wconf 84' lang='lat' dir='ltr'>satis</span> <span class='ocrx_word' id='word_1_117' title='bbox 934 1395 1005 1437; x_wconf 86' lang='lat' dir='ltr'>est,</span> <span class='ocrx_word' id='word_1_118' title='bbox 1018 1392 1106 1430; x_wconf 91' lang='lat' dir='ltr'>dum</span> <span class='ocrx_word' id='word_1_119' title='bbox 1125 1392 1222 1430; x_wconf 84' lang='lat' dir='ltr'>vivat</span> <span class='ocrx_word' id='word_1_120' title='bbox 1236 1392 1362 1431; x_wconf 88' lang='lat' dir='ltr'>modo.</span> 
     </span>
     <span class='ocr_line' id='line_1_22' title="bbox 236 1449 1473 1500; baseline 0.002 -14"><span class='ocrx_word' id='word_1_121' title='bbox 236 1449 331 1494; x_wconf 83' lang='lat' dir='ltr'>Quid</span> <span class='ocrx_word' id='word_1_122' title='bbox 345 1461 429 1487; x_wconf 90' lang='lat' dir='ltr'>cum</span> <span class='ocrx_word' id='word_1_123' title='bbox 443 1450 516 1488; x_wconf 87' lang='lat' dir='ltr'>illis</span> <span class='ocrx_word' id='word_1_124' title='bbox 529 1461 631 1499; x_wconf 85' lang='lat' dir='ltr'>agas,</span> <span class='ocrx_word' id='word_1_125' title='bbox 644 1451 709 1499; x_wconf 89' lang='lat' dir='ltr'>qui</span> <span class='ocrx_word' id='word_1_126' title='bbox 719 1461 840 1499; x_wconf 89' lang='lat' dir='ltr'>neque</span> <span class='ocrx_word' id='word_1_127' title='bbox 848 1450 911 1499; x_wconf 88' lang='lat' dir='ltr'>jus</span> <span class='ocrx_word' id='word_1_128' title='bbox 922 1461 1043 1500; x_wconf 90' lang='lat' dir='ltr'>neque</span> <span class='ocrx_word' id='word_1_129' title='bbox 1051 1451 1191 1489; x_wconf 89' lang='lat' dir='ltr'>bouum</span> <span class='ocrx_word' id='word_1_130' title='bbox 1203 1456 1314 1500; x_wconf 89' lang='lat' dir='ltr'>atque</span> <span class='ocrx_word' id='word_1_131' title='bbox 1328 1462 1473 1500; x_wconf 84' lang='lat' dir='ltr'>aequom</span> 
     </span>
     <span class='ocr_line' id='line_1_23' title="bbox 284 1507 431 1546; baseline 0.007 -1"><span class='ocrx_word' id='word_1_132' title='bbox 284 1507 431 1546; x_wconf 79' lang='lat' dir='ltr'>sciunt?</span> 
     </span>
     <span class='ocr_line' id='line_1_24' title="bbox 238 1566 1386 1617; baseline 0.003 -13"><span class='ocrx_word' id='word_1_133' title='bbox 238 1567 381 1614; x_wconf 80' lang='lat' dir='ltr'>MeliuS,</span> <span class='ocrx_word' id='word_1_134' title='bbox 401 1566 520 1616; x_wconf 87' lang='lat' dir='ltr'>pejus,</span> <span class='ocrx_word' id='word_1_135' title='bbox 542 1567 673 1616; x_wconf 88' lang='lat' dir='ltr'>prosit,</span> <span class='ocrx_word' id='word_1_136' title='bbox 693 1568 801 1612; x_wconf 88' lang='lat' dir='ltr'>obsit,</span> <span class='ocrx_word' id='word_1_137' title='bbox 818 1567 871 1606; x_wconf 91' lang='lat' dir='ltr'>nil</span> <span class='ocrx_word' id='word_1_138' title='bbox 887 1568 1026 1617; x_wconf 87' lang='lat' dir='ltr'>vident,</span> <span class='ocrx_word' id='word_1_139' title='bbox 1047 1568 1118 1607; x_wconf 88' lang='lat' dir='ltr'>nisi</span> <span class='ocrx_word' id='word_1_140' title='bbox 1136 1569 1236 1617; x_wconf 88' lang='lat' dir='ltr'>quod</span> <span class='ocrx_word' id='word_1_141' title='bbox 1256 1568 1386 1607; x_wconf 72' lang='lat' dir='ltr'>lubet?</span> 
     </span>
    </p>
   </div>
   <div class='ocr_carea' id='block_1_3' title="bbox 236 1756 1430 1970">
    <p class='ocr_par' dir='ltr' id='par_1_3' title="bbox 236 1756 1430 1970">
     <span class='ocr_line' id='line_1_25' title="bbox 751 1756 956 1785; baseline 0.01 -2"><span class='ocrx_word' id='word_1_142' title='bbox 751 1756 956 1785; x_wconf 68' lang='lat' dir='ltr'>sosrnAn.</span> 
     </span>
     <span class='ocr_line' id='line_1_26' title="bbox 237 1803 1430 1854; baseline 0.003 -14"><span class='ocrx_word' id='word_1_143' title='bbox 237 1803 285 1841; x_wconf 87' lang='lat' dir='ltr'>Mi</span> <span class='ocrx_word' id='word_1_144' title='bbox 298 1803 471 1847; x_wconf 86' lang='lat' dir='ltr'>Chreme,</span> <span class='ocrx_word' id='word_1_145' title='bbox 487 1803 648 1852; x_wconf 85' lang='lat' dir='ltr'>peccavi,</span> <span class='ocrx_word' id='word_1_146' title='bbox 665 1804 787 1842; x_wconf 88' lang='lat' dir='ltr'>fateor</span> <span class='ocrx_word' id='word_1_147' title='bbox 807 1818 815 1842; x_wconf 93' lang='lat'>:</span> <span class='ocrx_word' id='word_1_148' title='bbox 834 1805 972 1843; x_wconf 90' lang='lat' dir='ltr'>vincor.</span> <span class='ocrx_word' id='word_1_149' title='bbox 992 1807 1096 1843; x_wconf 88' lang='lat' dir='ltr'>Nunc</span> <span class='ocrx_word' id='word_1_150' title='bbox 1114 1805 1183 1843; x_wconf 85' lang='lat' dir='ltr'>hoc</span> <span class='ocrx_word' id='word_1_151' title='bbox 1201 1809 1238 1843; x_wconf 87' lang='lat' dir='ltr'>te</span> <span class='ocrx_word' id='word_1_152' title='bbox 1257 1805 1430 1854; x_wconf 87' lang='lat' dir='ltr'>obsecro;</span> 
     </span>
     <span class='ocr_line' id='line_1_27' title="bbox 236 1862 1283 1911; baseline 0.002 -12"><span class='ocrx_word' id='word_1_153' title='bbox 236 1863 380 1906; x_wconf 88' lang='lat' dir='ltr'>Quanto</span> <span class='ocrx_word' id='word_1_154' title='bbox 399 1866 484 1899; x_wconf 91' lang='lat' dir='ltr'>tuus</span> <span class='ocrx_word' id='word_1_155' title='bbox 501 1866 559 1900; x_wconf 89' lang='lat' dir='ltr'>est</span> <span class='ocrx_word' id='word_1_156' title='bbox 574 1862 721 1900; x_wconf 86' lang='lat' dir='ltr'>animus</span> <span class='ocrx_word' id='word_1_157' title='bbox 734 1867 823 1900; x_wconf 90' lang='lat' dir='ltr'>natu</span> <span class='ocrx_word' id='word_1_158' title='bbox 842 1862 999 1911; x_wconf 86' lang='lat' dir='ltr'>gravior,</span> <span class='ocrx_word' id='word_1_159' title='bbox 1021 1862 1283 1911; x_wconf 83' lang='lat' dir='ltr'>ignoscentior,</span> 
     </span>
     <span class='ocr_line' id='line_1_28' title="bbox 239 1919 1270 1970; baseline 0.002 -12"><span class='ocrx_word' id='word_1_160' title='bbox 239 1922 283 1958; x_wconf 90' lang='lat' dir='ltr'>Ut</span> <span class='ocrx_word' id='word_1_161' title='bbox 300 1931 392 1959; x_wconf 87' lang='lat' dir='ltr'>meae</span> <span class='ocrx_word' id='word_1_162' title='bbox 404 1919 568 1959; x_wconf 84' lang='lat' dir='ltr'>stultitiae</span> <span class='ocrx_word' id='word_1_163' title='bbox 587 1920 624 1959; x_wconf 92' lang='lat' dir='ltr'>in</span> <span class='ocrx_word' id='word_1_164' title='bbox 640 1920 786 1970; x_wconf 85' lang='lat' dir='ltr'>justitia</span> <span class='ocrx_word' id='word_1_165' title='bbox 804 1925 867 1959; x_wconf 88' lang='lat' dir='ltr'>tua</span> <span class='ocrx_word' id='word_1_166' title='bbox 884 1922 933 1960; x_wconf 87' lang='lat' dir='ltr'>sit</span> <span class='ocrx_word' id='word_1_167' title='bbox 950 1921 1092 1970; x_wconf 90' lang='lat' dir='ltr'>aliquid</span> <span class='ocrx_word' id='word_1_168' title='bbox 1111 1922 1270 1970; x_wconf 84' lang='lat' dir='ltr'>praesidi.</span> 
     </span>
    </p>
   </div>
   <div class='ocr_carea' id='block_1_4' title="bbox 235 2050 1444 2266">
    <p class='ocr_par' dir='ltr' id='par_1_4' title="bbox 235 2050 1444 2266">
     <span class='ocr_line' id='line_1_29' title="bbox 765 2050 943 2078; baseline 0.006 -1"><span class='ocrx_word' id='word_1_169' title='bbox 765 2050 943 2078; x_wconf 71' lang='lat' dir='ltr'>cunnus.</span> 
     </span>
     <span class='ocr_line' id='line_1_30' title="bbox 236 2094 1444 2147; baseline 0.005 -15"><span class='ocrx_word' id='word_1_170' title='bbox 236 2094 382 2134; x_wconf 87' lang='lat' dir='ltr'>Scilicet</span> <span class='ocrx_word' id='word_1_171' title='bbox 401 2096 574 2145; x_wconf 80' lang='lat' dir='ltr'>equidem</span> <span class='ocrx_word' id='word_1_172' title='bbox 594 2096 689 2135; x_wconf 85' lang='lat' dir='ltr'>istuc</span> <span class='ocrx_word' id='word_1_173' title='bbox 707 2096 873 2136; x_wconf 84' lang='lat' dir='ltr'>factum</span> <span class='ocrx_word' id='word_1_174' title='bbox 863 2109 1086 2147; x_wconf 77' lang='lat' dir='ltr'>ignoscam:</span> <span class='ocrx_word' id='word_1_175' title='bbox 1106 2109 1248 2144; x_wconf 88' lang='lat' dir='ltr'>verum,</span> <span class='ocrx_word' id='word_1_176' title='bbox 1269 2101 1444 2145; x_wconf 86' lang='lat' dir='ltr'>Sostrata,</span> 
     </span>
     <span class='ocr_line' id='line_1_31' title="bbox 235 2154 1430 2208; baseline 0.005 -17"><span class='ocrx_word' id='word_1_177' title='bbox 235 2154 329 2199; x_wconf 86' lang='lat' dir='ltr'>Male</span> <span class='ocrx_word' id='word_1_178' title='bbox 345 2155 455 2194; x_wconf 86' lang='lat' dir='ltr'>docet</span> <span class='ocrx_word' id='word_1_179' title='bbox 474 2161 508 2194; x_wconf 86' lang='lat' dir='ltr'>te</span> <span class='ocrx_word' id='word_1_180' title='bbox 528 2166 612 2193; x_wconf 88' lang='lat' dir='ltr'>mea</span> <span class='ocrx_word' id='word_1_181' title='bbox 632 2156 790 2195; x_wconf 78' lang='lat' dir='ltr'>facilitas</span> <span class='ocrx_word' id='word_1_182' title='bbox 809 2157 939 2195; x_wconf 86' lang='lat' dir='ltr'>multa.</span> <span class='ocrx_word' id='word_1_183' title='bbox 959 2157 1032 2196; x_wconf 88' lang='lat' dir='ltr'>Sed</span> <span class='ocrx_word' id='word_1_184' title='bbox 1050 2157 1146 2197; x_wconf 85' lang='lat' dir='ltr'>istuc</span> <span class='ocrx_word' id='word_1_185' title='bbox 1163 2158 1340 2208; x_wconf 86' lang='lat' dir='ltr'>quicquid</span> <span class='ocrx_word' id='word_1_186' title='bbox 1359 2163 1430 2207; x_wconf 85' lang='lat' dir='ltr'>est,</span> 
     </span>
     <span class='ocr_line' id='line_1_32' title="bbox 235 2213 1021 2266; baseline 0.008 -16"><span class='ocrx_word' id='word_1_187' title='bbox 235 2213 314 2258; x_wconf 89' lang='lat' dir='ltr'>Qua</span> <span class='ocrx_word' id='word_1_188' title='bbox 334 2213 405 2253; x_wconf 87' lang='lat' dir='ltr'>hoc</span> <span class='ocrx_word' id='word_1_189' title='bbox 424 2220 652 2264; x_wconf 82' lang='lat' dir='ltr'>occeptumst</span> <span class='ocrx_word' id='word_1_190' title='bbox 670 2217 809 2254; x_wconf 81' lang='lat' dir='ltr'>causa?</span> <span class='ocrx_word' id='word_1_191' title='bbox 831 2216 1021 2266; x_wconf 83' lang='lat' dir='ltr'>eloquere.</span> 
     </span>
    </p>
   </div>
   <div class='ocr_carea' id='block_1_5' title="bbox 1566 0 1624 2632">
    <p class='ocr_par' dir='ltr' id='par_1_5' title="bbox 1566 0 1624 2632">
     <span class='ocr_line' id='line_1_33' title="bbox 1566 0 1624 2632; baseline 0 0"><span class='ocrx_word' id='word_1_192' title='bbox 1566 0 1624 2632; x_wconf 95' lang='lat' dir='ltr'> </span> 
     </span>
    </p>
   </div>
  </div>
 </body>
</html>
