<?xml version="1.0" encoding="UTF-8"?>
<!DOCTYPE html PUBLIC "-//W3C//DTD XHTML 1.0 Transitional//EN"
    "http://www.w3.org/TR/xhtml1/DTD/xhtml1-transitional.dtd">
<html xmlns="http://www.w3.org/1999/xhtml" xml:lang="en" lang="en">
 <head>
  <title>
</title>
<meta http-equiv="Content-Type" content="text/html;charset=utf-8" />
  <meta name='ocr-system' content='tesseract 3.04.00' />
  <meta name='ocr-capabilities' content='ocr_page ocr_carea ocr_par ocr_line ocrx_word'/>
</head>
<body>
  <div class='ocr_page' id='page_1' title='image "./comdiesdetre01tereuoft_0440.png"; bbox 0 0 1624 2632; ppageno 0'>
   <div class='ocr_carea' id='block_1_1' title="bbox 278 206 1228 245">
    <p class='ocr_par' dir='ltr' id='par_1_1' title="bbox 278 206 1228 245">
     <span class='ocr_line' id='line_1_1' title="bbox 278 206 1228 245; baseline 0 -2"><span class='ocrx_word' id='word_1_1' title='bbox 278 206 348 243; x_wconf 79' lang='lat'>378</span> <span class='ocrx_word' id='word_1_2' title='bbox 564 206 806 244; x_wconf 79' lang='lat' dir='ltr'>HEAUTON</span> <span class='ocrx_word' id='word_1_3' title='bbox 838 206 1228 245; x_wconf 79' lang='lat' dir='ltr'>TtMORUMENOS.</span> 
     </span>
    </p>
   </div>
   <div class='ocr_carea' id='block_1_2' title="bbox 277 286 1514 516">
    <p class='ocr_par' dir='ltr' id='par_1_2' title="bbox 277 286 1514 516">
     <span class='ocr_line' id='line_1_2' title="bbox 278 286 1459 336; baseline -0.001 -10"><span class='ocrx_word' id='word_1_4' title='bbox 278 287 485 336; x_wconf 81' lang='lat' dir='ltr'>Deceperit,</span> <span class='ocrx_word' id='word_1_5' title='bbox 500 297 597 336; x_wconf 84' lang='lat' dir='ltr'>saepe</span> <span class='ocrx_word' id='word_1_6' title='bbox 616 286 813 326; x_wconf 80' lang='lat' dir='ltr'>obsecrans</span> <span class='ocrx_word' id='word_1_7' title='bbox 832 297 891 325; x_wconf 91' lang='lat' dir='ltr'>me</span> <span class='ocrx_word' id='word_1_8' title='bbox 913 291 954 325; x_wconf 92' lang='lat' dir='ltr'>ut</span> <span class='ocrx_word' id='word_1_9' title='bbox 972 287 1134 335; x_wconf 68' lang='lat' dir='ltr'>voutam,</span> <span class='ocrx_word' id='word_1_10' title='bbox 1155 287 1293 325; x_wconf 77' lang='lat' dir='ltr'>frustra</span> <span class='ocrx_word' id='word_1_11' title='bbox 1309 286 1459 325; x_wconf 82' lang='lat' dir='ltr'>veniet:</span> 
     </span>
     <span class='ocr_line' id='line_1_3' title="bbox 277 345 1460 394; baseline -0.001 -10"><span class='ocrx_word' id='word_1_12' title='bbox 277 349 348 384; x_wconf 76' lang='lat' dir='ltr'>Aut</span> <span class='ocrx_word' id='word_1_13' title='bbox 366 356 481 394; x_wconf 86' lang='lat' dir='ltr'>quum</span> <span class='ocrx_word' id='word_1_14' title='bbox 499 351 693 385; x_wconf 84' lang='lat' dir='ltr'>venturam</span> <span class='ocrx_word' id='word_1_15' title='bbox 709 346 837 385; x_wconf 78' lang='lat' dir='ltr'>dixero</span> <span class='ocrx_word' id='word_1_16' title='bbox 858 349 896 384; x_wconf 89' lang='lat' dir='ltr'>et</span> <span class='ocrx_word' id='word_1_17' title='bbox 912 346 1156 393; x_wconf 70' lang='lat' dir='ltr'><strong>constituero,</strong></span> <span class='ocrx_word' id='word_1_18' title='bbox 1175 356 1291 394; x_wconf 89' lang='lat' dir='ltr'>quum</span> <span class='ocrx_word' id='word_1_19' title='bbox 1311 345 1342 383; x_wconf 78' lang='lat' dir='ltr'>is</span> <span class='ocrx_word' id='word_1_20' title='bbox 1358 349 1460 383; x_wconf 86' lang='lat' dir='ltr'>certo</span> 
     </span>
     <span class='ocr_line' id='line_1_4' title="bbox 277 398 1311 454; baseline 0.001 -13"><span class='ocrx_word' id='word_1_21' title='bbox 277 404 524 452; x_wconf 80' lang='lat' dir='ltr'>Renuntiarit,</span> <span class='ocrx_word' id='word_1_22' title='bbox 544 398 704 454; x_wconf 81' lang='lat' dir='ltr'>Clitipho</span> <span class='ocrx_word' id='word_1_23' title='bbox 725 415 839 454; x_wconf 89' lang='lat' dir='ltr'>quum</span> <span class='ocrx_word' id='word_1_24' title='bbox 856 403 892 442; x_wconf 91' lang='lat' dir='ltr'>in</span> <span class='ocrx_word' id='word_1_25' title='bbox 910 415 975 454; x_wconf 84' lang='lat' dir='ltr'>spe</span> <span class='ocrx_word' id='word_1_26' title='bbox 992 404 1167 454; x_wconf 89' lang='lat' dir='ltr'>pendebit</span> <span class='ocrx_word' id='word_1_27' title='bbox 1183 403 1311 449; x_wconf 86' lang='lat' dir='ltr'>animi,</span> 
     </span>
     <span class='ocr_line' id='line_1_5' title="bbox 277 462 1514 516; baseline 0.002 -15"><span class='ocrx_word' id='word_1_28' title='bbox 277 463 478 513; x_wconf 63' lang='lat' dir='ltr'>Decimam,</span> <span class='ocrx_word' id='word_1_29' title='bbox 498 474 543 503; x_wconf 81' lang='lat' dir='ltr'>ac</span> <span class='ocrx_word' id='word_1_30' title='bbox 562 474 637 503; x_wconf 90' lang='lat' dir='ltr'>non</span> <span class='ocrx_word' id='word_1_31' title='bbox 656 463 828 504; x_wconf 78' lang='lat' dir='ltr'>veniam:</span> <span class='ocrx_word' id='word_1_32' title='bbox 849 464 961 513; x_wconf 78' lang='lat' dir='ltr'>Syrus</span> <span class='ocrx_word' id='word_1_33' title='bbox 979 462 1072 516; x_wconf 83' lang='lat' dir='ltr'>mihi</span> <span class='ocrx_word' id='word_1_34' title='bbox 1091 468 1196 512; x_wconf 85' lang='lat' dir='ltr'>tergo</span> <span class='ocrx_word' id='word_1_35' title='bbox 1215 474 1343 513; x_wconf 84' lang='lat' dir='ltr'>poenas</span> <span class='ocrx_word' id='word_1_36' title='bbox 1362 462 1514 512; x_wconf 83' lang='lat' dir='ltr'>pendet.</span> 
     </span>
    </p>
   </div>
   <div class='ocr_carea' id='block_1_3' title="bbox 265 654 1512 1209">
    <p class='ocr_par' dir='ltr' id='par_1_3' title="bbox 276 654 961 800">
     <span class='ocr_line' id='line_1_6' title="bbox 827 654 961 682; baseline -0.007 0"><span class='ocrx_word' id='word_1_37' title='bbox 827 654 961 682; x_wconf 77' lang='lat' dir='ltr'>cmm.</span> 
     </span>
     <span class='ocr_line' id='line_1_7' title="bbox 276 700 777 751; baseline 0.002 -12"><span class='ocrx_word' id='word_1_38' title='bbox 276 700 372 739; x_wconf 89' lang='lat' dir='ltr'>Satis</span> <span class='ocrx_word' id='word_1_39' title='bbox 390 701 480 740; x_wconf 88' lang='lat' dir='ltr'>scite</span> <span class='ocrx_word' id='word_1_40' title='bbox 496 702 681 751; x_wconf 86' lang='lat' dir='ltr'>promittit</span> <span class='ocrx_word' id='word_1_41' title='bbox 698 702 777 741; x_wconf 92' lang='lat' dir='ltr'>tibi.</span> 
     </span>
     <span class='ocr_line' id='line_1_8' title="bbox 830 772 960 800; baseline 0.008 -1"><span class='ocrx_word' id='word_1_42' title='bbox 830 772 960 800; x_wconf 74' lang='lat' dir='ltr'>snus.</span> 
     </span>
    </p>

    <p class='ocr_par' dir='ltr' id='par_1_4' title="bbox 265 819 1379 975">
     <span class='ocr_line' id='line_1_9' title="bbox 265 819 1379 869; baseline 0 -12"><span class='ocrx_word' id='word_1_43' title='bbox 265 849 268 851; x_wconf 87' lang='grc'><em>.</em></span> <span class='ocrx_word' id='word_1_44' title='bbox 797 821 907 869; x_wconf 84' lang='lat' dir='ltr'>Atqui</span> <span class='ocrx_word' id='word_1_45' title='bbox 924 825 961 858; x_wconf 91' lang='lat' dir='ltr'>tu</span> <span class='ocrx_word' id='word_1_46' title='bbox 984 819 1081 859; x_wconf 77' lang='lat' dir='ltr'>hanc</span> <span class='ocrx_word' id='word_1_47' title='bbox 1093 820 1213 869; x_wconf 76' lang='lat' dir='ltr'>jocari</span> <span class='ocrx_word' id='word_1_48' title='bbox 1230 819 1379 859; x_wconf 83' lang='lat' dir='ltr'>credis?</span> 
     </span>
     <span class='ocr_line' id='line_1_10' title="bbox 276 877 624 918; baseline 0.003 -3"><span class='ocrx_word' id='word_1_49' title='bbox 276 877 396 917; x_wconf 79' lang='lat' dir='ltr'>Faciet</span> <span class='ocrx_word' id='word_1_50' title='bbox 411 877 483 917; x_wconf 84' lang='lat' dir='ltr'>nisi</span> <span class='ocrx_word' id='word_1_51' title='bbox 500 889 624 918; x_wconf 79' lang='lat' dir='ltr'>caveo.</span> 
     </span>
     <span class='ocr_line' id='line_1_11' title="bbox 808 948 977 975; baseline -0.006 0"><span class='ocrx_word' id='word_1_52' title='bbox 808 948 977 975; x_wconf 64' lang='lat' dir='ltr'>uectus.</span> 
     </span>
    </p>

    <p class='ocr_par' dir='ltr' id='par_1_5' title="bbox 274 995 1512 1209">
     <span class='ocr_line' id='line_1_12' title="bbox 652 995 1425 1044; baseline 0 -10"><span class='ocrx_word' id='word_1_53' title='bbox 652 996 860 1034; x_wconf 85' lang='lat' dir='ltr'>Dormiuut.</span> <span class='ocrx_word' id='word_1_54' title='bbox 887 998 963 1044; x_wconf 84' lang='lat' dir='ltr'>Ego</span> <span class='ocrx_word' id='word_1_55' title='bbox 979 996 1043 1044; x_wconf 88' lang='lat' dir='ltr'>pol</span> <span class='ocrx_word' id='word_1_56' title='bbox 1057 995 1148 1034; x_wconf 84' lang='lat' dir='ltr'>istos</span> <span class='ocrx_word' id='word_1_57' title='bbox 1167 995 1425 1034; x_wconf 83' lang='lat' dir='ltr'>commovebo.</span> 
     </span>
     <span class='ocr_line' id='line_1_13' title="bbox 274 1053 1512 1104; baseline 0.002 -13"><span class='ocrx_word' id='word_1_58' title='bbox 274 1055 354 1092; x_wconf 82' lang='lat' dir='ltr'>Mea</span> <span class='ocrx_word' id='word_1_59' title='bbox 373 1053 546 1103; x_wconf 78' lang='lat' dir='ltr'>Phrygia,</span> <span class='ocrx_word' id='word_1_60' title='bbox 562 1054 740 1102; x_wconf 86' lang='lat' dir='ltr'>audistin,</span> <span class='ocrx_word' id='word_1_61' title='bbox 754 1053 865 1092; x_wconf 91' lang='lat' dir='ltr'>modo</span> <span class='ocrx_word' id='word_1_62' title='bbox 879 1054 950 1092; x_wconf 86' lang='lat' dir='ltr'>iste</span> <span class='ocrx_word' id='word_1_63' title='bbox 968 1054 1082 1093; x_wconf 90' lang='lat' dir='ltr'>homo</span> <span class='ocrx_word' id='word_1_64' title='bbox 1094 1064 1207 1104; x_wconf 85' lang='lat' dir='ltr'>quam</span> <span class='ocrx_word' id='word_1_65' title='bbox 1221 1053 1347 1092; x_wconf 83' lang='lat' dir='ltr'>viltam</span> <span class='ocrx_word' id='word_1_66' title='bbox 1360 1054 1512 1093; x_wconf 89' lang='lat' dir='ltr'>demon·</span> 
     </span>
     <span class='ocr_line' id='line_1_14' title="bbox 321 1113 449 1151; baseline -0.008 0"><span class='ocrx_word' id='word_1_67' title='bbox 321 1113 449 1151; x_wconf 83' lang='lat' dir='ltr'>stravit</span> 
     </span>
     <span class='ocr_line' id='line_1_15' title="bbox 275 1170 452 1209; baseline 0 0"><span class='ocrx_word' id='word_1_68' title='bbox 275 1170 452 1209; x_wconf 78' lang='lat' dir='ltr'>Charini?</span> 
     </span>
    </p>
   </div>
   <div class='ocr_carea' id='block_1_4' title="bbox 437 1241 1508 1623">
    <p class='ocr_par' dir='ltr' id='par_1_6' title="bbox 437 1241 1508 1623">
     <span class='ocr_line' id='line_1_16' title="bbox 802 1241 982 1269; baseline 0 -1"><span class='ocrx_word' id='word_1_69' title='bbox 802 1241 982 1269; x_wconf 68' lang='lat' dir='ltr'>runnu.</span> 
     </span>
     <span class='ocr_line' id='line_1_17' title="bbox 437 1289 580 1328; baseline -0.007 0"><span class='ocrx_word' id='word_1_70' title='bbox 437 1289 580 1328; x_wconf 82' lang='lat' dir='ltr'>Audivi.</span> 
     </span>
     <span class='ocr_line' id='line_1_18' title="bbox 583 1354 973 1387; baseline 0.003 -2"><span class='ocrx_word' id='word_1_71' title='bbox 583 1354 587 1359; x_wconf 89' lang='lat'><em>·</em></span> <span class='ocrx_word' id='word_1_72' title='bbox 808 1359 973 1387; x_wconf 70' lang='lat' dir='ltr'>mccms.</span> 
     </span>
     <span class='ocr_line' id='line_1_19' title="bbox 559 1407 1380 1448; baseline 0.002 -3"><span class='ocrx_word' id='word_1_73' title='bbox 559 1409 782 1446; x_wconf 74' lang='lat' dir='ltr'>Proxumum</span> <span class='ocrx_word' id='word_1_74' title='bbox 798 1418 878 1446; x_wconf 88' lang='lat' dir='ltr'>esse</span> <span class='ocrx_word' id='word_1_75' title='bbox 895 1407 982 1446; x_wconf 87' lang='lat' dir='ltr'>huic</span> <span class='ocrx_word' id='word_1_76' title='bbox 994 1407 1112 1447; x_wconf 81' lang='lat' dir='ltr'>fundo</span> <span class='ocrx_word' id='word_1_77' title='bbox 1129 1408 1176 1446; x_wconf 87' lang='lat' dir='ltr'>ad</span> <span class='ocrx_word' id='word_1_78' title='bbox 1187 1408 1380 1448; x_wconf 80' lang='lat' dir='ltr'>dextram?</span> 
     </span>
     <span class='ocr_line' id='line_1_20' title="bbox 805 1477 982 1505; baseline 0.006 -1"><span class='ocrx_word' id='word_1_79' title='bbox 805 1477 982 1505; x_wconf 70' lang='lat' dir='ltr'>marcu.</span> 
     </span>
     <span class='ocr_line' id='line_1_21' title="bbox 1349 1527 1508 1565; baseline 0 -1"><span class='ocrx_word' id='word_1_80' title='bbox 1349 1527 1508 1565; x_wconf 82' lang='lat' dir='ltr'>Memini.</span> 
     </span>
     <span class='ocr_line' id='line_1_22' title="bbox 806 1594 971 1623; baseline 0.012 -2"><span class='ocrx_word' id='word_1_81' title='bbox 806 1594 971 1623; x_wconf 69' lang='lat' dir='ltr'>mccms.</span> 
     </span>
    </p>
   </div>
   <div class='ocr_carea' id='block_1_5' title="bbox 273 1641 1370 1693">
    <p class='ocr_par' dir='ltr' id='par_1_7' title="bbox 273 1641 1370 1693">
     <span class='ocr_line' id='line_1_23' title="bbox 273 1641 1370 1693; baseline -0.002 -11"><span class='ocrx_word' id='word_1_82' title='bbox 273 1641 463 1682; x_wconf 82' lang='lat' dir='ltr'>Curriculo</span> <span class='ocrx_word' id='word_1_83' title='bbox 480 1652 657 1692; x_wconf 83' lang='lat' dir='ltr'>percurre</span> <span class='ocrx_word' id='word_1_84' title='bbox 675 1655 684 1680; x_wconf 90' lang='lat'>:</span> <span class='ocrx_word' id='word_1_85' title='bbox 703 1643 803 1691; x_wconf 83' lang='lat' dir='ltr'>apud</span> <span class='ocrx_word' id='word_1_86' title='bbox 823 1654 910 1681; x_wconf 88' lang='lat' dir='ltr'>eum</span> <span class='ocrx_word' id='word_1_87' title='bbox 927 1643 1035 1682; x_wconf 78' lang='lat' dir='ltr'>miles</span> <span class='ocrx_word' id='word_1_88' title='bbox 1050 1642 1223 1693; x_wconf 79' lang='lat' dir='ltr'>Dionysia</span> <span class='ocrx_word' id='word_1_89' title='bbox 1243 1644 1370 1691; x_wconf 83' lang='lat' dir='ltr'>agitat.</span> 
     </span>
    </p>
   </div>
   <div class='ocr_carea' id='block_1_6' title="bbox 272 1772 1506 2046">
    <p class='ocr_par' dir='ltr' id='par_1_8' title="bbox 272 1772 1506 2046">
     <span class='ocr_line' id='line_1_24' title="bbox 825 1772 955 1801; baseline -0.008 -1"><span class='ocrx_word' id='word_1_90' title='bbox 825 1772 955 1801; x_wconf 74' lang='lat' dir='ltr'>smus.</span> 
     </span>
     <span class='ocr_line' id='line_1_25' title="bbox 272 1818 635 1870; baseline 0 -12"><span class='ocrx_word' id='word_1_91' title='bbox 272 1818 369 1866; x_wconf 83' lang='lat' dir='ltr'>Quid</span> <span class='ocrx_word' id='word_1_92' title='bbox 383 1819 462 1859; x_wconf 75' lang='lat' dir='ltr'>haec</span> <span class='ocrx_word' id='word_1_93' title='bbox 475 1821 635 1870; x_wconf 77' lang='lat' dir='ltr'>coeptat?</span> 
     </span>
     <span class='ocr_line' id='line_1_26' title="bbox 811 1889 976 1918; baseline -0.006 -1"><span class='ocrx_word' id='word_1_94' title='bbox 811 1889 976 1918; x_wconf 70' lang='lat' dir='ltr'>BAGcms.</span> 
     </span>
     <span class='ocr_line' id='line_1_27' title="bbox 503 1937 1506 1990; baseline 0.005 -15"><span class='ocrx_word' id='word_1_95' title='bbox 503 1937 566 1977; x_wconf 90' lang='lat' dir='ltr'>Dic</span> <span class='ocrx_word' id='word_1_96' title='bbox 584 1949 644 1976; x_wconf 89' lang='lat' dir='ltr'>me</span> <span class='ocrx_word' id='word_1_97' title='bbox 665 1937 726 1976; x_wconf 90' lang='lat' dir='ltr'>hic</span> <span class='ocrx_word' id='word_1_98' title='bbox 746 1939 882 1988; x_wconf 89' lang='lat' dir='ltr'>oppido</span> <span class='ocrx_word' id='word_1_99' title='bbox 897 1949 979 1977; x_wconf 85' lang='lat' dir='ltr'>esse</span> <span class='ocrx_word' id='word_1_100' title='bbox 994 1938 1145 1978; x_wconf 81' lang='lat' dir='ltr'>invitam</span> <span class='ocrx_word' id='word_1_101' title='bbox 1166 1944 1279 1990; x_wconf 80' lang='lat' dir='ltr'>atque</span> <span class='ocrx_word' id='word_1_102' title='bbox 1296 1940 1506 1980; x_wconf 78' lang='lat' dir='ltr'>adservari:</span> 
     </span>
     <span class='ocr_line' id='line_1_28' title="bbox 272 1996 1506 2046; baseline 0.003 -12"><span class='ocrx_word' id='word_1_103' title='bbox 272 1997 410 2035; x_wconf 83' lang='lat' dir='ltr'>Verum</span> <span class='ocrx_word' id='word_1_104' title='bbox 424 1996 548 2046; x_wconf 83' lang='lat' dir='ltr'>aliquo</span> <span class='ocrx_word' id='word_1_105' title='bbox 559 2002 667 2045; x_wconf 87' lang='lat' dir='ltr'>pacto</span> <span class='ocrx_word' id='word_1_106' title='bbox 682 1997 792 2035; x_wconf 81' lang='lat' dir='ltr'>verba</span> <span class='ocrx_word' id='word_1_107' title='bbox 807 2009 867 2036; x_wconf 87' lang='lat' dir='ltr'>me</span> <span class='ocrx_word' id='word_1_108' title='bbox 887 1997 947 2036; x_wconf 89' lang='lat' dir='ltr'>his</span> <span class='ocrx_word' id='word_1_109' title='bbox 964 1997 1135 2037; x_wconf 81' lang='lat' dir='ltr'>daturam</span> <span class='ocrx_word' id='word_1_110' title='bbox 1155 2010 1234 2038; x_wconf 88' lang='lat' dir='ltr'>esse</span> <span class='ocrx_word' id='word_1_111' title='bbox 1247 2003 1285 2038; x_wconf 89' lang='lat' dir='ltr'>et</span> <span class='ocrx_word' id='word_1_112' title='bbox 1299 2005 1506 2038; x_wconf 85' lang='lat' dir='ltr'>venturam.</span> 
     </span>
    </p>
   </div>
   <div class='ocr_carea' id='block_1_7' title="bbox 272 2126 1507 2271">
    <p class='ocr_par' dir='ltr' id='par_1_9' title="bbox 272 2126 1507 2271">
     <span class='ocr_line' id='line_1_29' title="bbox 315 2126 1400 2155; baseline -0.001 -1"><span class='ocrx_word' id='word_1_113' title='bbox 315 2141 318 2144; x_wconf 95' lang='lat'>-</span> <span class='ocrx_word' id='word_1_114' title='bbox 824 2126 956 2155; x_wconf 72' lang='lat' dir='ltr'>snus.</span> <span class='ocrx_word' id='word_1_115' title='bbox 1396 2150 1400 2153; x_wconf 83' lang='lat'><strong>.</strong></span> 
     </span>
     <span class='ocr_line' id='line_1_30' title="bbox 273 2166 1507 2226; baseline 0.002 -14"><span class='ocrx_word' id='word_1_116' title='bbox 273 2173 368 2212; x_wconf 82' lang='lat' dir='ltr'>Perii</span> <span class='ocrx_word' id='word_1_117' title='bbox 386 2172 525 2211; x_wconf 79' lang='lat' dir='ltr'>hercle.</span> <span class='ocrx_word' id='word_1_118' title='bbox 541 2174 702 2218; x_wconf 81' lang='lat' dir='ltr'>Bacchis,</span> <span class='ocrx_word' id='word_1_119' title='bbox 720 2185 842 2219; x_wconf 84' lang='lat' dir='ltr'>mane,</span> <span class='ocrx_word' id='word_1_120' title='bbox 861 2186 983 2214; x_wconf 84' lang='lat' dir='ltr'>mane.</span> <span class='ocrx_word' id='word_1_121' title='bbox 999 2166 1078 2221; x_wconf 79' lang='lat' dir='ltr'>Quo</span> <span class='ocrx_word' id='word_1_122' title='bbox 1091 2175 1207 2215; x_wconf 90' lang='lat' dir='ltr'>mittis</span> <span class='ocrx_word' id='word_1_123' title='bbox 1223 2177 1339 2215; x_wconf 87' lang='lat' dir='ltr'>istanc</span> <span class='ocrx_word' id='word_1_124' title='bbox 1358 2179 1507 2226; x_wconf 74' lang='lat' dir='ltr'>quaeso?</span> 
     </span>
     <span class='ocr_line' id='line_1_31' title="bbox 272 2232 540 2271; baseline -0.004 0"><span class='ocrx_word' id='word_1_125' title='bbox 272 2232 363 2271; x_wconf 85' lang='lat' dir='ltr'>Jube</span> <span class='ocrx_word' id='word_1_126' title='bbox 379 2236 540 2271; x_wconf 82' lang='lat' dir='ltr'>maneat.</span> 
     </span>
    </p>
   </div>
   <div class='ocr_carea' id='block_1_8' title="bbox 1579 0 1624 2632">
    <p class='ocr_par' dir='ltr' id='par_1_10' title="bbox 1579 0 1624 2632">
     <span class='ocr_line' id='line_1_32' title="bbox 1579 0 1624 2632; baseline 0 0"><span class='ocrx_word' id='word_1_127' title='bbox 1579 0 1624 2632; x_wconf 95' lang='lat' dir='ltr'> </span> 
     </span>
    </p>
   </div>
  </div>
 </body>
</html>
