1586 2658
119 255 123 260 -
166 231 232 267 1:36
677 234 888 271 ANDRIA.

735 325 834 352 suno.

806 374 902 419 Quid
922 373 989 419 ais,
1008 375 1247 414 omnium?...

695 443 875 470 cunmffls.

1206 493 1276 540 Ah,

170 551 259 586 Rem
280 548 403 597 potius
416 548 534 598 ipsam
552 548 626 596 dic,
644 559 686 585 ae
705 548 810 586 mitte
828 549 926 587 male
945 549 1062 599 loqui.

735 621 835 648 sfflo.

167 668 277 714 Quasi
298 668 494 717 quicquam
516 668 550 705 in
572 668 670 706 hunc
686 668 764 717 jam
786 669 933 716 gravius
949 669 1021 708 dici
1040 669 1191 718 possiet.

170 727 237 764 Ain
257 727 423 774 tandem,
437 727 526 764 civis
543 726 815 776 Glyceriumst‘?

674 798 893 825 nummus,

831 844 884 880 lta
907 843 1119 891 praedicant.

736 911 836 939 smo.

169 961 222 997 ita
237 958 466 1007 praedicant?
482 959 511 997 Ο
526 957 715 1008 ingentem
737 959 1019 998 confidentiam!

169 1020 265 1055 Num
286 1017 425 1066 cogitat
442 1017 534 1066 quid
549 1017 648 1056 dicat
660 1020 679 1055 ἱ)
694 1029 783 1056 num
801 1018 887 1056 facti
903 1019 1031 1067 piget?

169 1078 265 1113 Num
282 1076 365 1125 ejus
380 1075 485 1115 color
502 1076 655 1125 pudoris
670 1076 815 1125 signum
832 1088 987 1126 usquam
1006 1077 1172 1117 indicat?

170 1135 273 1173 Adeo
291 1134 488 1184 impotenti
508 1146 589 1174 esse
608 1135 746 1180 animo,
766 1140 807 1174 ut
822 1140 956 1184 praeter
976 1136 1110 1175 civium

170 1195 311 1232 Morem
330 1198 441 1243 atque
458 1195 594 1243 legem,
613 1198 651 1233 et
669 1195 725 1232 sui
745 1194 974 1233 voluntatem
990 1196 1121 1245 patris,
1147 1222 1150 1225 -

167 1254 309 1291 Tamen
326 1253 423 1291 hanc
441 1253 579 1291 habere
598 1253 743 1291 studeat
761 1264 844 1291 cum
858 1265 1005 1293 summo
1024 1255 1187 1304 probro?

678 1323 900 1352 nummus.

171 1374 228 1409 Me
246 1370 438 1410 miserum.

738 1441 837 1468 smo.

444 1491 550 1536 Hem,
569 1488 730 1526 modone
753 1489 790 1526 id
810 1489 962 1527 demum
975 1490 1102 1538 sensti,
1116 1491 1336 1540 Pamphile?

169 1548 267 1585 Olim
286 1548 395 1595 istuc,
416 1547 521 1595 olim,
537 1557 653 1596 quum
667 1546 719 1585 ita
734 1547 899 1586 animum
918 1548 1060 1587 induxti
1079 1554 1196 1596 tuum,

172 1607 279 1652 Quod
297 1617 467 1655 cuperes,
485 1606 610 1654 aliquo
628 1609 737 1654 pacto
755 1605 995 1645 efficiundum
1007 1608 1075 1646 tibi
1097 1621 1107 1646 :

172 1665 311 1703 Eodem
329 1664 390 1703 die
409 1665 504 1703 istuc
517 1664 671 1702 verbum
690 1675 776 1703 vere
792 1664 830 1702 in
849 1669 886 1703 te
904 1666 1048 1705 accidit.

174 1723 246 1761 Sed
266 1722 357 1772 quid
373 1725 472 1771 ego?
489 1734 555 1761 cur
574 1733 635 1761 me
653 1724 838 1771 excrucio,
861 1728 925 1762 aut
942 1735 1009 1763 cur
1027 1736 1087 1763 me
1107 1727 1281 1764 macero?

173 1783 248 1820 Cur
262 1793 384 1820 meam
404 1785 630 1821 senectutem
649 1782 761 1831 hujus
779 1782 938 1822 sollicito
953 1785 1141 1822 amentia?

173 1844 226 1878 An
248 1845 288 1878 ut
303 1851 371 1890 pro
385 1841 498 1889 hujus
517 1841 675 1889 peccatis
690 1849 760 1890 ego
779 1842 1001 1890 supplicium
1018 1843 1221 1881 sufferam?

174 1901 287 1937 Immo
305 1899 454 1946 habeat,
473 1899 608 1947 valeat,
627 1904 724 1938 vlvat
742 1911 827 1937 cum
843 1900 922 1939 illa.

678 1969 897 1998 ramnus.

943 2021 991 2058 Mi
1010 2024 1126 2069 pater.

736 2091 833 2117 smo.

170 2136 270 2182 Quid
285 2146 337 2173 ml
356 2139 489 2185 pater?
508 2138 616 2186 quasi
633 2142 674 2177 tu
694 2138 807 2186 hujus
824 2137 987 2186 indigeas
1002 2137 1131 2185 patris.

208 2242 235 2268 1.
254 2241 437 2269 Attenuation
450 2245 651 2277 respectueuse
665 2252 673 2270 ς
690 2242 714 2269 si
727 2242 875 2279 Pamphile
886 2242 934 2270 etit
944 2243 1071 2278 repondu
1091 2244 1155 2275 oui.
1167 2242 1187 2270 il
1201 2244 1293 2271 aux-ait
1303 2245 1348 2270 έῑό
1361 2250 1407 2270 see

170 2285 202 2309 et
215 2281 406 2309 inconvenant
418 2290 487 2310 avec
502 2290 552 2309 son
570 2282 649 2317 piare.

208 2322 235 2350 2.
258 2324 318 2350 Une
336 2322 375 2351 loi
392 2323 428 2352 de
449 2322 572 2351 Pericles
585 2322 731 2352 defendat
745 2331 802 2352 aux
820 2323 976 2353 Atheniens
989 2324 1027 2351 de
1044 2324 1151 2352 s'alliet
1163 2331 1234 2353 avec
1248 2325 1300 2353 des
1309 2326 1407 2353 ‹Stran-
