<?xml version="1.0" encoding="UTF-8"?>
<!DOCTYPE html PUBLIC "-//W3C//DTD XHTML 1.0 Transitional//EN"
    "http://www.w3.org/TR/xhtml1/DTD/xhtml1-transitional.dtd">
<html xmlns="http://www.w3.org/1999/xhtml" xml:lang="en" lang="en">
 <head>
  <title>
</title>
<meta http-equiv="Content-Type" content="text/html;charset=utf-8" />
  <meta name='ocr-system' content='tesseract 3.04.00' />
  <meta name='ocr-capabilities' content='ocr_page ocr_carea ocr_par ocr_line ocrx_word'/>
</head>
<body>
  <div class='ocr_page' id='page_1' title='image "./comdiesdetre01tereuoft_0256.png"; bbox 0 0 1624 2632; ppageno 0'>
   <div class='ocr_carea' id='block_1_1' title="bbox 193 204 917 244">
    <p class='ocr_par' dir='ltr' id='par_1_1' title="bbox 193 204 917 244">
     <span class='ocr_line' id='line_1_1' title="bbox 193 204 917 244; baseline 0.006 -6"><span class='ocrx_word' id='word_1_1' title='bbox 193 204 260 239; x_wconf 72' lang='lat'>494</span> <span class='ocrx_word' id='word_1_2' title='bbox 503 208 505 212; x_wconf 81' lang='grc'>’</span> <span class='ocrx_word' id='word_1_3' title='bbox 699 206 917 244; x_wconf 73' lang='lat' dir='ltr'><strong>RECYRA.</strong></span> 
     </span>
    </p>
   </div>
   <div class='ocr_carea' id='block_1_2' title="bbox 735 299 887 325">
    <p class='ocr_par' dir='ltr' id='par_1_2' title="bbox 735 299 887 325">
     <span class='ocr_line' id='line_1_2' title="bbox 735 299 887 325; baseline 0.007 -1"><span class='ocrx_word' id='word_1_4' title='bbox 735 299 887 325; x_wconf 67' lang='lat' dir='ltr'>LACHFS.</span> 
     </span>
    </p>
   </div>
   <div class='ocr_carea' id='block_1_3' title="bbox 194 343 1426 432">
    <p class='ocr_par' dir='ltr' id='par_1_3' title="bbox 194 343 1426 432">
     <span class='ocr_line' id='line_1_3' title="bbox 194 343 1426 432; baseline 0.004 -53"><span class='ocrx_word' id='word_1_5' title='bbox 194 346 310 432; x_wconf 63' lang='lat' dir='ltr'>Atque</span> <span class='ocrx_word' id='word_1_6' title='bbox 328 353 454 380; x_wconf 86' lang='lat' dir='ltr'>eccum</span> <span class='ocrx_word' id='word_1_7' title='bbox 473 343 693 393; x_wconf 83' lang='lat' dir='ltr'><strong>Phidippum</strong></span> <span class='ocrx_word' id='word_1_8' title='bbox 709 351 860 394; x_wconf 82' lang='lat' dir='ltr'>optume</span> <span class='ocrx_word' id='word_1_9' title='bbox 874 345 982 383; x_wconf 83' lang='lat' dir='ltr'>video</span> <span class='ocrx_word' id='word_1_10' title='bbox 999 359 1008 383; x_wconf 73' lang='grc' dir='ltr'><strong>ε</strong></span> <span class='ocrx_word' id='word_1_11' title='bbox 1030 345 1114 384; x_wconf 83' lang='lat' dir='ltr'>hinc</span> <span class='ocrx_word' id='word_1_12' title='bbox 1131 345 1208 393; x_wconf 89' lang='lat' dir='ltr'>jam</span> <span class='ocrx_word' id='word_1_13' title='bbox 1222 345 1323 384; x_wconf 76' lang='lat' dir='ltr'>scibo</span> <span class='ocrx_word' id='word_1_14' title='bbox 1335 345 1426 396; x_wconf 83' lang='lat' dir='ltr'>quid</span> 
     </span>
     <span class='ocr_line' id='line_1_4' title="bbox 240 407 298 432; baseline 0 0"><span class='ocrx_word' id='word_1_15' title='bbox 240 407 268 432; x_wconf 78' lang='lat' dir='ltr'>s·</span> <span class='ocrx_word' id='word_1_16' title='bbox 291 425 298 432; x_wconf 96' lang='lat'>.</span> 
     </span>
    </p>
   </div>
   <div class='ocr_carea' id='block_1_4' title="bbox 195 453 1430 561">
    <p class='ocr_par' dir='ltr' id='par_1_4' title="bbox 195 453 1430 561">
     <span class='ocr_line' id='line_1_5' title="bbox 195 453 1430 508; baseline 0.004 -18"><span class='ocrx_word' id='word_1_17' title='bbox 195 453 386 508; x_wconf 80' lang='lat' dir='ltr'>Phidippe,</span> <span class='ocrx_word' id='word_1_18' title='bbox 405 455 474 493; x_wconf 89' lang='lat' dir='ltr'>etsi</span> <span class='ocrx_word' id='word_1_19' title='bbox 494 466 563 504; x_wconf 80' lang='lat' dir='ltr'>ego</span> <span class='ocrx_word' id='word_1_20' title='bbox 578 455 670 493; x_wconf 86' lang='lat' dir='ltr'>meis</span> <span class='ocrx_word' id='word_1_21' title='bbox 686 466 745 494; x_wconf 89' lang='lat' dir='ltr'>me</span> <span class='ocrx_word' id='word_1_22' title='bbox 763 456 936 494; x_wconf 87' lang='lat' dir='ltr'>omnibus</span> <span class='ocrx_word' id='word_1_23' title='bbox 955 456 1031 494; x_wconf 88' lang='lat' dir='ltr'>scio</span> <span class='ocrx_word' id='word_1_24' title='bbox 1052 467 1131 494; x_wconf 81' lang='lat' dir='ltr'>esse</span> <span class='ocrx_word' id='word_1_25' title='bbox 1145 456 1313 506; x_wconf 82' lang='lat' dir='ltr'>adprime</span> <span class='ocrx_word' id='word_1_26' title='bbox 1327 457 1430 496; x_wconf 85' lang='lat' dir='ltr'>obse-</span> 
     </span>
     <span class='ocr_line' id='line_1_6' title="bbox 240 517 437 561; baseline 0.005 -11"><span class='ocrx_word' id='word_1_27' title='bbox 240 517 437 561; x_wconf 83' lang='lat' dir='ltr'>quentem3</span> 
     </span>
    </p>
   </div>
   <div class='ocr_carea' id='block_1_5' title="bbox 193 571 1435 2275">
    <p class='ocr_par' dir='ltr' id='par_1_5' title="bbox 193 571 1435 2275">
     <span class='ocr_line' id='line_1_7' title="bbox 194 571 1389 623; baseline 0.003 -14"><span class='ocrx_word' id='word_1_28' title='bbox 194 571 262 609; x_wconf 85' lang='lat' dir='ltr'>Sed</span> <span class='ocrx_word' id='word_1_29' title='bbox 284 582 354 609; x_wconf 86' lang='lat' dir='ltr'>non</span> <span class='ocrx_word' id='word_1_30' title='bbox 371 571 464 610; x_wconf 89' lang='lat' dir='ltr'>adeo</span> <span class='ocrx_word' id='word_1_31' title='bbox 485 577 525 610; x_wconf 89' lang='lat' dir='ltr'>ut</span> <span class='ocrx_word' id='word_1_32' title='bbox 543 583 627 611; x_wconf 89' lang='lat' dir='ltr'>mea</span> <span class='ocrx_word' id='word_1_33' title='bbox 646 572 803 611; x_wconf 78' lang='lat' dir='ltr'><strong>facilitas</strong></span> <span class='ocrx_word' id='word_1_34' title='bbox 821 578 1034 623; x_wconf 81' lang='lat' dir='ltr'>corrumpat</span> <span class='ocrx_word' id='word_1_35' title='bbox 1052 572 1203 612; x_wconf 90' lang='lat' dir='ltr'>illorum</span> <span class='ocrx_word' id='word_1_36' title='bbox 1219 574 1389 613; x_wconf 84' lang='lat' dir='ltr'>animos:</span> 
     </span>
     <span class='ocr_line' id='line_1_8' title="bbox 193 628 1429 677; baseline 0.002 -12"><span class='ocrx_word' id='word_1_37' title='bbox 193 628 298 673; x_wconf 89' lang='lat' dir='ltr'>Quod</span> <span class='ocrx_word' id='word_1_38' title='bbox 316 633 354 666; x_wconf 88' lang='lat' dir='ltr'>tu</span> <span class='ocrx_word' id='word_1_39' title='bbox 370 628 401 666; x_wconf 88' lang='lat' dir='ltr'>si</span> <span class='ocrx_word' id='word_1_40' title='bbox 416 628 514 666; x_wconf 91' lang='lat' dir='ltr'>idem</span> <span class='ocrx_word' id='word_1_41' title='bbox 535 629 688 674; x_wconf 80' lang='lat' dir='ltr'>faceres,</span> <span class='ocrx_word' id='word_1_42' title='bbox 705 629 822 677; x_wconf 82' lang='lat' dir='ltr'>magis</span> <span class='ocrx_word' id='word_1_43' title='bbox 838 629 876 667; x_wconf 90' lang='lat' dir='ltr'>in</span> <span class='ocrx_word' id='word_1_44' title='bbox 893 640 972 667; x_wconf 88' lang='lat' dir='ltr'>rem</span> <span class='ocrx_word' id='word_1_45' title='bbox 988 633 1027 668; x_wconf 89' lang='lat' dir='ltr'>et</span> <span class='ocrx_word' id='word_1_46' title='bbox 1042 633 1205 668; x_wconf 83' lang='lat' dir='ltr'>nostram</span> <span class='ocrx_word' id='word_1_47' title='bbox 1220 634 1259 668; x_wconf 87' lang='lat' dir='ltr'>et</span> <span class='ocrx_word' id='word_1_48' title='bbox 1270 634 1429 669; x_wconf 82' lang='lat' dir='ltr'>vostram</span> 
     </span>
     <span class='ocr_line' id='line_1_9' title="bbox 243 689 408 727; baseline 0.006 -1"><span class='ocrx_word' id='word_1_49' title='bbox 243 689 279 726; x_wconf 86' lang='lat' dir='ltr'>id</span> <span class='ocrx_word' id='word_1_50' title='bbox 299 693 408 727; x_wconf 77' lang='lat' dir='ltr'>esset.</span> 
     </span>
     <span class='ocr_line' id='line_1_10' title="bbox 194 747 1011 798; baseline 0.002 -12"><span class='ocrx_word' id='word_1_51' title='bbox 194 750 297 786; x_wconf 92' lang='lat' dir='ltr'>Nunc</span> <span class='ocrx_word' id='word_1_52' title='bbox 314 748 419 787; x_wconf 89' lang='lat' dir='ltr'>video</span> <span class='ocrx_word' id='word_1_53' title='bbox 437 749 474 786; x_wconf 90' lang='lat' dir='ltr'>in</span> <span class='ocrx_word' id='word_1_54' title='bbox 495 747 642 787; x_wconf 86' lang='lat' dir='ltr'>illarum</span> <span class='ocrx_word' id='word_1_55' title='bbox 659 752 842 798; x_wconf 85' lang='lat' dir='ltr'><strong>potestate</strong></span> <span class='ocrx_word' id='word_1_56' title='bbox 862 759 943 787; x_wconf 85' lang='lat' dir='ltr'>esse</span> <span class='ocrx_word' id='word_1_57' title='bbox 961 752 1011 788; x_wconf 82' lang='lat' dir='ltr'>te.</span> 
     </span>
     <span class='ocr_line' id='line_1_11' title="bbox 709 818 915 846; baseline -0.005 0"><span class='ocrx_word' id='word_1_58' title='bbox 709 818 915 846; x_wconf 66' lang='lat' dir='ltr'>numerus.</span> 
     </span>
     <span class='ocr_line' id='line_1_12' title="bbox 1023 865 1230 905; baseline 0.01 -2"><span class='ocrx_word' id='word_1_59' title='bbox 1023 865 1111 904; x_wconf 81' lang='lat' dir='ltr'>Heia</span> <span class='ocrx_word' id='word_1_60' title='bbox 1128 877 1230 905; x_wconf 83' lang='lat' dir='ltr'>vero.</span> 
     </span>
     <span class='ocr_line' id='line_1_13' title="bbox 736 936 888 963; baseline 0 -1"><span class='ocrx_word' id='word_1_61' title='bbox 736 936 888 963; x_wconf 67' lang='lat' dir='ltr'>menes.</span> 
     </span>
     <span class='ocr_line' id='line_1_14' title="bbox 194 983 1300 1031; baseline -0.001 -8"><span class='ocrx_word' id='word_1_62' title='bbox 194 984 274 1024; x_wconf 84' lang='lat' dir='ltr'>Adii</span> <span class='ocrx_word' id='word_1_63' title='bbox 293 989 330 1023; x_wconf 87' lang='lat' dir='ltr'>te</span> <span class='ocrx_word' id='word_1_64' title='bbox 352 985 435 1022; x_wconf 86' lang='lat' dir='ltr'>heri</span> <span class='ocrx_word' id='word_1_65' title='bbox 454 984 501 1023; x_wconf 91' lang='lat' dir='ltr'>de</span> <span class='ocrx_word' id='word_1_66' title='bbox 518 983 593 1022; x_wconf 87' lang='lat' dir='ltr'>filia</span> <span class='ocrx_word' id='word_1_67' title='bbox 615 997 624 1022; x_wconf 90' lang='lat'><strong>:</strong></span> <span class='ocrx_word' id='word_1_68' title='bbox 644 988 684 1022; x_wconf 92' lang='lat' dir='ltr'>ut</span> <span class='ocrx_word' id='word_1_69' title='bbox 702 984 801 1031; x_wconf 80' lang='lat' dir='ltr'>veni,</span> <span class='ocrx_word' id='word_1_70' title='bbox 816 984 946 1021; x_wconf 82' lang='lat' dir='ltr'>itidem</span> <span class='ocrx_word' id='word_1_71' title='bbox 965 983 1148 1021; x_wconf 87' lang='lat' dir='ltr'>incertum</span> <span class='ocrx_word' id='word_1_72' title='bbox 1163 983 1300 1022; x_wconf 87' lang='lat' dir='ltr'>amisti.</span> 
     </span>
     <span class='ocr_line' id='line_1_15' title="bbox 193 1041 1343 1092; baseline -0.002 -10"><span class='ocrx_word' id='word_1_73' title='bbox 193 1045 297 1082; x_wconf 85' lang='lat' dir='ltr'>Haud</span> <span class='ocrx_word' id='word_1_74' title='bbox 314 1044 366 1081; x_wconf 88' lang='lat' dir='ltr'>ita</span> <span class='ocrx_word' id='word_1_75' title='bbox 381 1044 503 1089; x_wconf 89' lang='lat' dir='ltr'>decet,</span> <span class='ocrx_word' id='word_1_76' title='bbox 523 1042 554 1080; x_wconf 86' lang='lat' dir='ltr'>si</span> <span class='ocrx_word' id='word_1_77' title='bbox 571 1047 790 1092; x_wconf 88' lang='lat' dir='ltr'>perpetuam</span> <span class='ocrx_word' id='word_1_78' title='bbox 812 1042 866 1080; x_wconf 90' lang='lat' dir='ltr'>vis</span> <span class='ocrx_word' id='word_1_79' title='bbox 886 1052 966 1080; x_wconf 83' lang='lat' dir='ltr'>esse</span> <span class='ocrx_word' id='word_1_80' title='bbox 985 1041 1215 1081; x_wconf 77' lang='lat' dir='ltr'>adfinitatem</span> <span class='ocrx_word' id='word_1_81' title='bbox 1232 1043 1343 1091; x_wconf 86' lang='lat' dir='ltr'>hanc,</span> 
     </span>
     <span class='ocr_line' id='line_1_16' title="bbox 194 1100 1277 1150; baseline -0.002 -9"><span class='ocrx_word' id='word_1_82' title='bbox 194 1104 321 1142; x_wconf 77' lang='lat' dir='ltr'>Celare</span> <span class='ocrx_word' id='word_1_83' title='bbox 339 1110 374 1141; x_wconf 90' lang='lat' dir='ltr'>te</span> <span class='ocrx_word' id='word_1_84' title='bbox 390 1102 474 1140; x_wconf 88' lang='lat' dir='ltr'>iras.</span> <span class='ocrx_word' id='word_1_85' title='bbox 497 1103 533 1140; x_wconf 93' lang='lat' dir='ltr'>Si</span> <span class='ocrx_word' id='word_1_86' title='bbox 550 1101 640 1150; x_wconf 85' lang='lat' dir='ltr'>quid</span> <span class='ocrx_word' id='word_1_87' title='bbox 657 1106 713 1140; x_wconf 87' lang='lat' dir='ltr'>est</span> <span class='ocrx_word' id='word_1_88' title='bbox 731 1105 923 1150; x_wconf 87' lang='lat' dir='ltr'>peccatum</span> <span class='ocrx_word' id='word_1_89' title='bbox 944 1112 966 1138; x_wconf 87' lang='lat' dir='ltr'>a</span> <span class='ocrx_word' id='word_1_90' title='bbox 983 1100 1108 1148; x_wconf 85' lang='lat' dir='ltr'>nobis,</span> <span class='ocrx_word' id='word_1_91' title='bbox 1122 1100 1277 1150; x_wconf 83' lang='lat' dir='ltr'>profer:</span> 
     </span>
     <span class='ocr_line' id='line_1_17' title="bbox 193 1160 1210 1210; baseline -0.002 -9"><span class='ocrx_word' id='word_1_92' title='bbox 193 1167 265 1201; x_wconf 86' lang='lat' dir='ltr'>Aut</span> <span class='ocrx_word' id='word_1_93' title='bbox 277 1174 321 1201; x_wconf 87' lang='lat' dir='ltr'>ea</span> <span class='ocrx_word' id='word_1_94' title='bbox 334 1161 539 1200; x_wconf 86' lang='lat' dir='ltr'>refellendo</span> <span class='ocrx_word' id='word_1_95' title='bbox 557 1165 621 1200; x_wconf 89' lang='lat' dir='ltr'>aut</span> <span class='ocrx_word' id='word_1_96' title='bbox 635 1162 826 1210; x_wconf 83' lang='lat' dir='ltr'>purgando</span> <span class='ocrx_word' id='word_1_97' title='bbox 846 1161 950 1199; x_wconf 88' lang='lat' dir='ltr'>vobis</span> <span class='ocrx_word' id='word_1_98' title='bbox 969 1160 1210 1208; x_wconf 83' lang='lat' dir='ltr'>corrigemus,</span> 
     </span>
     <span class='ocr_line' id='line_1_18' title="bbox 194 1219 1217 1271; baseline -0.003 -11"><span class='ocrx_word' id='word_1_99' title='bbox 194 1225 243 1260; x_wconf 90' lang='lat' dir='ltr'>Te</span> <span class='ocrx_word' id='word_1_100' title='bbox 260 1222 385 1271; x_wconf 84' lang='lat' dir='ltr'>judice</span> <span class='ocrx_word' id='word_1_101' title='bbox 404 1221 496 1271; x_wconf 83' lang='lat' dir='ltr'>ipso.</span> <span class='ocrx_word' id='word_1_102' title='bbox 518 1220 580 1260; x_wconf 90' lang='lat' dir='ltr'>Sin</span> <span class='ocrx_word' id='word_1_103' title='bbox 598 1224 675 1259; x_wconf 87' lang='lat' dir='ltr'>east</span> <span class='ocrx_word' id='word_1_104' title='bbox 694 1232 805 1259; x_wconf 87' lang='lat' dir='ltr'>causa</span> <span class='ocrx_word' id='word_1_105' title='bbox 825 1219 1007 1258; x_wconf 88' lang='lat' dir='ltr'>retinendi</span> <span class='ocrx_word' id='word_1_106' title='bbox 1022 1220 1122 1268; x_wconf 86' lang='lat' dir='ltr'>apud</span> <span class='ocrx_word' id='word_1_107' title='bbox 1139 1230 1217 1266; x_wconf 87' lang='lat' dir='ltr'>vos,</span> 
     </span>
     <span class='ocr_line' id='line_1_19' title="bbox 194 1278 1359 1329; baseline -0.003 -10"><span class='ocrx_word' id='word_1_108' title='bbox 194 1281 286 1326; x_wconf 84' lang='lat' dir='ltr'>Quia</span> <span class='ocrx_word' id='word_1_109' title='bbox 304 1292 400 1329; x_wconf 80' lang='lat' dir='ltr'>aegra</span> <span class='ocrx_word' id='word_1_110' title='bbox 420 1286 475 1318; x_wconf 87' lang='lat' dir='ltr'>est</span> <span class='ocrx_word' id='word_1_111' title='bbox 493 1294 502 1318; x_wconf 90' lang='lat'>:</span> <span class='ocrx_word' id='word_1_112' title='bbox 523 1285 559 1318; x_wconf 87' lang='lat' dir='ltr'>te</span> <span class='ocrx_word' id='word_1_113' title='bbox 578 1281 627 1317; x_wconf 92' lang='lat' dir='ltr'>mi</span> <span class='ocrx_word' id='word_1_114' title='bbox 645 1279 820 1327; x_wconf 76' lang='lat' dir='ltr'>injuriam</span> <span class='ocrx_word' id='word_1_115' title='bbox 835 1278 957 1317; x_wconf 84' lang='lat' dir='ltr'>facere</span> <span class='ocrx_word' id='word_1_116' title='bbox 976 1278 1151 1325; x_wconf 84' lang='lat' dir='ltr'>arbitror,</span> <span class='ocrx_word' id='word_1_117' title='bbox 1166 1278 1359 1328; x_wconf 83' lang='lat' dir='ltr'>Phidippe,</span> 
     </span>
     <span class='ocr_line' id='line_1_20' title="bbox 195 1337 1177 1386; baseline -0.003 -8"><span class='ocrx_word' id='word_1_118' title='bbox 195 1341 232 1379; x_wconf 91' lang='lat' dir='ltr'>Si</span> <span class='ocrx_word' id='word_1_119' title='bbox 252 1341 385 1378; x_wconf 87' lang='lat' dir='ltr'>metuis</span> <span class='ocrx_word' id='word_1_120' title='bbox 403 1341 491 1378; x_wconf 85' lang='lat' dir='ltr'>satis</span> <span class='ocrx_word' id='word_1_121' title='bbox 505 1345 546 1377; x_wconf 88' lang='lat' dir='ltr'>ut</span> <span class='ocrx_word' id='word_1_122' title='bbox 565 1350 657 1377; x_wconf 83' lang='lat' dir='ltr'>meae</span> <span class='ocrx_word' id='word_1_123' title='bbox 675 1339 777 1377; x_wconf 88' lang='lat' dir='ltr'>domi</span> <span class='ocrx_word' id='word_1_124' title='bbox 797 1343 947 1376; x_wconf 87' lang='lat' dir='ltr'>curetur</span> <span class='ocrx_word' id='word_1_125' title='bbox 968 1337 1177 1386; x_wconf 85' lang='lat' dir='ltr'>diligenter.</span> 
     </span>
     <span class='ocr_line' id='line_1_21' title="bbox 195 1397 1430 1447; baseline -0.002 -9"><span class='ocrx_word' id='word_1_126' title='bbox 195 1405 240 1438; x_wconf 80' lang='lat' dir='ltr'>At</span> <span class='ocrx_word' id='word_1_127' title='bbox 267 1401 317 1438; x_wconf 86' lang='lat' dir='ltr'>ita</span> <span class='ocrx_word' id='word_1_128' title='bbox 342 1410 400 1437; x_wconf 88' lang='lat' dir='ltr'>me</span> <span class='ocrx_word' id='word_1_129' title='bbox 429 1399 468 1437; x_wconf 89' lang='lat' dir='ltr'>di</span> <span class='ocrx_word' id='word_1_130' title='bbox 497 1403 642 1442; x_wconf 86' lang='lat' dir='ltr'>ament,</span> <span class='ocrx_word' id='word_1_131' title='bbox 670 1398 768 1436; x_wconf 89' lang='lat' dir='ltr'>haud</span> <span class='ocrx_word' id='word_1_132' title='bbox 794 1398 859 1436; x_wconf 87' lang='lat' dir='ltr'>tibi</span> <span class='ocrx_word' id='word_1_133' title='bbox 888 1397 958 1435; x_wconf 89' lang='lat' dir='ltr'>hoc</span> <span class='ocrx_word' id='word_1_134' title='bbox 981 1399 1164 1446; x_wconf 89' lang='lat' dir='ltr'>concedo,</span> <span class='ocrx_word' id='word_1_135' title='bbox 1190 1397 1258 1436; x_wconf 85' lang='lat' dir='ltr'>etsi</span> <span class='ocrx_word' id='word_1_136' title='bbox 1283 1397 1338 1436; x_wconf 92' lang='lat' dir='ltr'>illi</span> <span class='ocrx_word' id='word_1_137' title='bbox 1365 1409 1430 1447; x_wconf 81' lang='lat' dir='ltr'>pa·</span> 
     </span>
     <span class='ocr_line' id='line_1_22' title="bbox 244 1465 365 1505; baseline -0.008 -8"><span class='ocrx_word' id='word_1_138' title='bbox 244 1465 299 1497; x_wconf 85' lang='lat' dir='ltr'>ter</span> <span class='ocrx_word' id='word_1_139' title='bbox 312 1470 365 1505; x_wconf 80' lang='lat' dir='ltr'>es,</span> 
     </span>
     <span class='ocr_line' id='line_1_23' title="bbox 197 1514 1430 1564; baseline -0.002 -8"><span class='ocrx_word' id='word_1_140' title='bbox 197 1521 240 1556; x_wconf 89' lang='lat' dir='ltr'>Ut</span> <span class='ocrx_word' id='word_1_141' title='bbox 267 1524 305 1555; x_wconf 90' lang='lat' dir='ltr'>tu</span> <span class='ocrx_word' id='word_1_142' title='bbox 332 1518 434 1555; x_wconf 91' lang='lat' dir='ltr'>illam</span> <span class='ocrx_word' id='word_1_143' title='bbox 454 1516 591 1561; x_wconf 85' lang='lat' dir='ltr'>salvam</span> <span class='ocrx_word' id='word_1_144' title='bbox 613 1527 731 1563; x_wconf 81' lang='lat' dir='ltr'>magis</span> <span class='ocrx_word' id='word_1_145' title='bbox 757 1515 866 1560; x_wconf 88' lang='lat' dir='ltr'>velis,</span> <span class='ocrx_word' id='word_1_146' title='bbox 893 1525 1005 1563; x_wconf 89' lang='lat' dir='ltr'>quam</span> <span class='ocrx_word' id='word_1_147' title='bbox 1030 1526 1128 1564; x_wconf 86' lang='lat' dir='ltr'>ego:</span> <span class='ocrx_word' id='word_1_148' title='bbox 1149 1514 1188 1553; x_wconf 90' lang='lat' dir='ltr'>id</span> <span class='ocrx_word' id='word_1_149' title='bbox 1205 1515 1300 1553; x_wconf 87' lang='lat' dir='ltr'>adeo</span> <span class='ocrx_word' id='word_1_150' title='bbox 1330 1516 1430 1564; x_wconf 84' lang='lat' dir='ltr'>gnati</span> 
     </span>
     <span class='ocr_line' id='line_1_24' title="bbox 243 1588 378 1615; baseline 0.007 -1"><span class='ocrx_word' id='word_1_151' title='bbox 243 1588 378 1615; x_wconf 85' lang='lat' dir='ltr'>causa:</span> 
     </span>
     <span class='ocr_line' id='line_1_25' title="bbox 197 1632 1433 1684; baseline -0.003 -10"><span class='ocrx_word' id='word_1_152' title='bbox 197 1639 313 1682; x_wconf 85' lang='lat' dir='ltr'>Quem</span> <span class='ocrx_word' id='word_1_153' title='bbox 328 1647 396 1684; x_wconf 84' lang='lat' dir='ltr'>ego</span> <span class='ocrx_word' id='word_1_154' title='bbox 409 1633 573 1674; x_wconf 83' lang='lat' dir='ltr'>intellexi</span> <span class='ocrx_word' id='word_1_155' title='bbox 589 1633 692 1672; x_wconf 87' lang='lat' dir='ltr'>illam</span> <span class='ocrx_word' id='word_1_156' title='bbox 711 1633 812 1671; x_wconf 88' lang='lat' dir='ltr'>haud</span> <span class='ocrx_word' id='word_1_157' title='bbox 832 1632 956 1670; x_wconf 89' lang='lat' dir='ltr'>minus</span> <span class='ocrx_word' id='word_1_158' title='bbox 973 1642 1085 1681; x_wconf 87' lang='lat' dir='ltr'>quam</span> <span class='ocrx_word' id='word_1_159' title='bbox 1098 1642 1137 1670; x_wconf 91' lang='lat' dir='ltr'>se</span> <span class='ocrx_word' id='word_1_160' title='bbox 1151 1633 1272 1681; x_wconf 88' lang='lat' dir='ltr'>ipsum</span> <span class='ocrx_word' id='word_1_161' title='bbox 1291 1632 1433 1682; x_wconf 77' lang='lat' dir='ltr'>magni-</span> 
     </span>
     <span class='ocr_line' id='line_1_26' title="bbox 247 1695 368 1733; baseline -0.008 -1"><span class='ocrx_word' id='word_1_162' title='bbox 247 1695 368 1733; x_wconf 83' lang='lat' dir='ltr'>ficare.</span> 
     </span>
     <span class='ocr_line' id='line_1_27' title="bbox 197 1749 1433 1804; baseline -0.005 -11"><span class='ocrx_word' id='word_1_163' title='bbox 197 1758 322 1804; x_wconf 86' lang='lat' dir='ltr'>Neque</span> <span class='ocrx_word' id='word_1_164' title='bbox 342 1753 436 1791; x_wconf 90' lang='lat' dir='ltr'>adeo</span> <span class='ocrx_word' id='word_1_165' title='bbox 457 1752 552 1790; x_wconf 83' lang='lat' dir='ltr'>clam</span> <span class='ocrx_word' id='word_1_166' title='bbox 569 1761 630 1789; x_wconf 89' lang='lat' dir='ltr'>me</span> <span class='ocrx_word' id='word_1_167' title='bbox 647 1755 724 1798; x_wconf 89' lang='lat' dir='ltr'>est,</span> <span class='ocrx_word' id='word_1_168' title='bbox 749 1761 861 1800; x_wconf 88' lang='lat' dir='ltr'>quam</span> <span class='ocrx_word' id='word_1_169' title='bbox 881 1760 963 1788; x_wconf 85' lang='lat' dir='ltr'>esse</span> <span class='ocrx_word' id='word_1_170' title='bbox 982 1759 1069 1787; x_wconf 89' lang='lat' dir='ltr'>eum</span> <span class='ocrx_word' id='word_1_171' title='bbox 1090 1749 1252 1798; x_wconf 87' lang='lat' dir='ltr'>graviter</span> <span class='ocrx_word' id='word_1_172' title='bbox 1270 1750 1433 1788; x_wconf 85' lang='lat' dir='ltr'>laturum</span> 
     </span>
     <span class='ocr_line' id='line_1_28' title="bbox 246 1812 410 1859; baseline -0.012 -7"><span class='ocrx_word' id='word_1_173' title='bbox 246 1812 410 1859; x_wconf 84' lang='lat' dir='ltr'>credam,</span> 
     </span>
     <span class='ocr_line' id='line_1_29' title="bbox 199 1866 1435 1917; baseline -0.004 -5"><span class='ocrx_word' id='word_1_174' title='bbox 199 1876 273 1912; x_wconf 89' lang='lat' dir='ltr'>Hoc</span> <span class='ocrx_word' id='word_1_175' title='bbox 292 1872 321 1910; x_wconf 85' lang='lat' dir='ltr'>si</span> <span class='ocrx_word' id='word_1_176' title='bbox 342 1868 507 1909; x_wconf 80' lang='lat' dir='ltr'>rescierit</span> <span class='ocrx_word' id='word_1_177' title='bbox 524 1883 534 1908; x_wconf 72' lang='grc' dir='ltr'>ε</span> <span class='ocrx_word' id='word_1_178' title='bbox 554 1880 600 1908; x_wconf 89' lang='lat' dir='ltr'>eo</span> <span class='ocrx_word' id='word_1_179' title='bbox 616 1869 770 1907; x_wconf 89' lang='lat' dir='ltr'>domum</span> <span class='ocrx_word' id='word_1_180' title='bbox 782 1867 915 1907; x_wconf 86' lang='lat' dir='ltr'>studeo</span> <span class='ocrx_word' id='word_1_181' title='bbox 934 1866 1026 1915; x_wconf 81' lang='lat' dir='ltr'>haec,</span> <span class='ocrx_word' id='word_1_182' title='bbox 1047 1868 1152 1917; x_wconf 88' lang='lat' dir='ltr'>prius</span> <span class='ocrx_word' id='word_1_183' title='bbox 1168 1878 1281 1917; x_wconf 81' lang='lat' dir='ltr'>quam</span> <span class='ocrx_word' id='word_1_184' title='bbox 1295 1867 1376 1916; x_wconf 91' lang='lat' dir='ltr'>ille,</span> <span class='ocrx_word' id='word_1_185' title='bbox 1394 1872 1435 1907; x_wconf 90' lang='lat' dir='ltr'>ut</span> 
     </span>
     <span class='ocr_line' id='line_1_30' title="bbox 246 1931 386 1970; baseline -0.021 0"><span class='ocrx_word' id='word_1_186' title='bbox 246 1931 386 1970; x_wconf 88' lang='lat' dir='ltr'>redeat.</span> 
     </span>
     <span class='ocr_line' id='line_1_31' title="bbox 714 1997 919 2025; baseline -0.005 0"><span class='ocrx_word' id='word_1_187' title='bbox 714 1997 919 2025; x_wconf 72' lang='lat' dir='ltr'>rmmrpus.</span> 
     </span>
     <span class='ocr_line' id='line_1_32' title="bbox 200 2043 1167 2098; baseline -0.008 -8"><span class='ocrx_word' id='word_1_188' title='bbox 200 2050 353 2098; x_wconf 87' lang='lat' dir='ltr'>Laches,</span> <span class='ocrx_word' id='word_1_189' title='bbox 366 2053 404 2087; x_wconf 88' lang='lat' dir='ltr'>et</span> <span class='ocrx_word' id='word_1_190' title='bbox 421 2047 651 2097; x_wconf 85' lang='lat' dir='ltr'>diligentiam</span> <span class='ocrx_word' id='word_1_191' title='bbox 670 2051 828 2084; x_wconf 89' lang='lat' dir='ltr'>vestram</span> <span class='ocrx_word' id='word_1_192' title='bbox 848 2049 886 2084; x_wconf 89' lang='lat' dir='ltr'>et</span> <span class='ocrx_word' id='word_1_193' title='bbox 902 2043 1167 2094; x_wconf 83' lang='lat' dir='ltr'>benignitatem</span> 
     </span>
     <span class='ocr_line' id='line_1_33' title="bbox 200 2103 1398 2156; baseline -0.004 -7"><span class='ocrx_word' id='word_1_194' title='bbox 200 2109 290 2149; x_wconf 92' lang='lat' dir='ltr'>Novi</span> <span class='ocrx_word' id='word_1_195' title='bbox 307 2122 317 2148; x_wconf 89' lang='lat'><strong>:</strong></span> <span class='ocrx_word' id='word_1_196' title='bbox 337 2112 374 2147; x_wconf 88' lang='lat' dir='ltr'>et</span> <span class='ocrx_word' id='word_1_197' title='bbox 391 2118 474 2156; x_wconf 82' lang='lat' dir='ltr'>quae</span> <span class='ocrx_word' id='word_1_198' title='bbox 487 2106 592 2152; x_wconf 91' lang='lat' dir='ltr'>dicis,</span> <span class='ocrx_word' id='word_1_199' title='bbox 613 2116 738 2144; x_wconf 87' lang='lat' dir='ltr'>omma</span> <span class='ocrx_word' id='word_1_200' title='bbox 755 2115 850 2151; x_wconf 85' lang='lat' dir='ltr'>esse,</span> <span class='ocrx_word' id='word_1_201' title='bbox 868 2107 910 2142; x_wconf 89' lang='lat' dir='ltr'>ut</span> <span class='ocrx_word' id='word_1_202' title='bbox 925 2103 1028 2147; x_wconf 73' lang='lat' dir='ltr'>dicis,</span> <span class='ocrx_word' id='word_1_203' title='bbox 1049 2114 1216 2141; x_wconf 80' lang='lat' dir='ltr'>animum</span> <span class='ocrx_word' id='word_1_204' title='bbox 1233 2103 1368 2143; x_wconf 86' lang='lat' dir='ltr'>induco</span> <span class='ocrx_word' id='word_1_205' title='bbox 1385 2116 1398 2144; x_wconf 73' lang='grc' dir='ltr'><strong>ε</strong></span> 
     </span>
     <span class='ocr_line' id='line_1_34' title="bbox 203 2161 1340 2214; baseline -0.004 -7"><span class='ocrx_word' id='word_1_206' title='bbox 203 2173 245 2207; x_wconf 83' lang='lat' dir='ltr'>Et</span> <span class='ocrx_word' id='word_1_207' title='bbox 260 2172 296 2206; x_wconf 90' lang='lat' dir='ltr'>te</span> <span class='ocrx_word' id='word_1_208' title='bbox 315 2169 385 2205; x_wconf 83' lang='lat' dir='ltr'>hoc</span> <span class='ocrx_word' id='word_1_209' title='bbox 399 2165 450 2203; x_wconf 89' lang='lat' dir='ltr'>mi</span> <span class='ocrx_word' id='word_1_210' title='bbox 466 2164 573 2214; x_wconf 90' lang='lat' dir='ltr'>cupio</span> <span class='ocrx_word' id='word_1_211' title='bbox 589 2163 742 2202; x_wconf 87' lang='lat' dir='ltr'>credere</span> <span class='ocrx_word' id='word_1_212' title='bbox 761 2176 770 2200; x_wconf 73' lang='grc' dir='ltr'>ε</span> <span class='ocrx_word' id='word_1_213' title='bbox 790 2163 892 2201; x_wconf 88' lang='lat' dir='ltr'>illam</span> <span class='ocrx_word' id='word_1_214' title='bbox 909 2161 958 2201; x_wconf 89' lang='lat' dir='ltr'>ad</span> <span class='ocrx_word' id='word_1_215' title='bbox 976 2172 1042 2200; x_wconf 88' lang='lat' dir='ltr'>vos</span> <span class='ocrx_word' id='word_1_216' title='bbox 1057 2161 1181 2200; x_wconf 89' lang='lat' dir='ltr'>redire</span> <span class='ocrx_word' id='word_1_217' title='bbox 1193 2162 1340 2212; x_wconf 83' lang='lat' dir='ltr'>studeo,</span> 
     </span>
     <span class='ocr_line' id='line_1_35' title="bbox 203 2222 773 2275; baseline -0.011 -9"><span class='ocrx_word' id='word_1_218' title='bbox 203 2228 239 2266; x_wconf 92' lang='lat' dir='ltr'>Si</span> <span class='ocrx_word' id='word_1_219' title='bbox 255 2227 375 2265; x_wconf 80' lang='lat' dir='ltr'>facere</span> <span class='ocrx_word' id='word_1_220' title='bbox 396 2223 533 2275; x_wconf 89' lang='lat' dir='ltr'>possim</span> <span class='ocrx_word' id='word_1_221' title='bbox 555 2223 631 2261; x_wconf 90' lang='lat' dir='ltr'>ullo</span> <span class='ocrx_word' id='word_1_222' title='bbox 648 2222 773 2261; x_wconf 89' lang='lat' dir='ltr'>modo.</span> 
     </span>
    </p>
   </div>
   <div class='ocr_carea' id='block_1_6' title="bbox 1562 0 1624 2632">
    <p class='ocr_par' dir='ltr' id='par_1_6' title="bbox 1562 0 1624 2632">
     <span class='ocr_line' id='line_1_36' title="bbox 1562 0 1624 2632; baseline 0 0"><span class='ocrx_word' id='word_1_223' title='bbox 1562 0 1624 2632; x_wconf 95' lang='lat' dir='ltr'> </span> 
     </span>
    </p>
   </div>
  </div>
 </body>
</html>
