1586 2658
164 256 210 292 26
667 258 884 295 ANDRlA.

730 349 830 378 smo.
1117 352 1121 362 f

969 397 1064 444 Quid
1084 397 1166 436 ais?

716 467 848 494 nnus.

1078 516 1157 560 Qua
1173 516 1220 555 de
1242 518 1309 555 re?

733 585 834 613 smo.

1259 637 1402 684 Rogas?

168 695 287 731 Meum
307 696 459 742 gnatum
478 702 606 731 rumor
624 696 681 731 est
699 703 838 731 amare.

717 761 853 790 nnus.

851 811 887 848 ld
910 810 1070 861 populus
1087 814 1192 850 curat
1210 811 1363 851 scilicet.

735 881 833 908 sum.

168 929 322 968 noccine
340 940 433 978 agls,
451 939 499 967 an
517 930 621 970 non?

719 999 850 1026 nnus,

569 1049 642 1095 Ego
660 1056 748 1084 vero
766 1045 871 1084 istuc.

733 1115 834 1142 suro.

886 1163 957 1201 Sed
971 1174 1068 1202 nunc
1081 1174 1125 1202 ea
1138 1174 1198 1202 me
1210 1164 1400 1214 exquirere

122 1250 130 1256 -
167 1225 284 1275 Imqui
294 1223 411 1275 patris
421 1227 490 1262 est.
502 1221 718 1270 Nam‚quod
729 1221 883 1259 antehac
897 1221 997 1268 fecit,
1007 1221 1097 1260 nihil
1111 1222 1158 1260 ad
1172 1233 1231 1260 me
1245 1223 1397 1262 adtinet.

166 1287 260 1323 Dum
274 1288 420 1332 tempus
432 1282 478 1320 ad
489 1291 571 1319 eam
582 1291 660 1318 rem
676 1279 775 1328 tulit,
786 1280 852 1318 sivi
865 1280 1029 1318 animum
1040 1284 1080 1318 ut
1092 1281 1257 1330 expleret
1269 1293 1398 1321 suum:

164 1346 268 1382 Nunc
286 1342 346 1380 hic
365 1341 444 1380 dies
461 1339 572 1379 aliam
591 1339 703 1376 vitam
724 1338 859 1393 adfert,
880 1338 973 1377 alios
990 1349 1114 1378 mores
1131 1339 1306 1388 postulat.

165 1402 301 1441 Dehinc
320 1399 482 1449 postulo,
505 1399 579 1437 sive
603 1401 799 1447 aequumst,
819 1401 854 1436 te
878 1408 959 1446 oro,
980 1401 1093 1446 Dave,
1111 1401 1153 1436 ut
1173 1398 1301 1437 redeat
1320 1399 1400 1447 jam

212 1461 249 1499 in
275 1459 382 1497 viam.

718 1526 850 1554 nnus.

164 1580 238 1617 Hoc
255 1576 346 1627 quid
364 1575 440 1614 sit?

730 1644 829 1671 suno.

358 1694 510 1739 OmneS,
522 1691 587 1743 qui
597 1695 737 1739 amant,
749 1692 909 1740 graviter
918 1690 987 1729 sibi
997 1690 1078 1729 dari
1092 1701 1245 1730 uxorem
1258 1690 1395 1729 ferunt.

713 1820 846 1849 mvus.

162 1877 214 1914 lta
231 1872 348 1913 aiunt.

727 1937 828 1966 suro.

363 1991 458 2027 Tum
465 1987 497 2027 si
505 1997 589 2037 quus
595 1987 813 2036 magistrum
820 1985 918 2034 oepit
925 1983 972 2022 ad
981 1994 1064 2024 eam
1074 1994 1155 2022 rem
1165 1982 1396 2033 improbum,

160 2055 281 2102 Ipsum
301 2049 469 2088 animum
489 2050 670 2096 aegrotum
688 2045 737 2084 ad
762 2044 987 2084 deteriorem
1011 2047 1154 2094 partem
1176 2043 1396 2094 plerumque

206 2110 252 2149 ad
257 2109 381 2159 plicat.
391 2125 395 2129 ·

707 2173 841 2203 nnus.

159 2231 238 2268 Non
252 2226 376 2266 hercle
390 2224 579 2272 intellego.

724 2291 823 2320 suno.

578 2341 684 2378 Non?
697 2338 800 2377 hem!
