1624 2632
231 187 303 224 22⁰
731 190 952 229 HECYRA.

740 281 946 310 rmmrrus.

578 329 674 367 Bene
693 327 829 367 sactum
850 334 886 368 te
910 329 1116 376 advenisse,
1138 331 1355 379 Pamphile:

231 389 349 433 Atque
367 385 475 431 adeo,
495 387 597 435 quod
615 393 879 435 maxumumst,
899 389 1040 428 salvum
1058 395 1170 439 atque
1183 390 1361 429 validum.

736 459 957 486 nummus.
1341 464 1347 471 ·

1283 508 1467 547 Creditur.

761 577 912 604 means.

229 621 387 661 Advems
409 622 551 662 modo?

734 695 952 723 nummus.

561 742 785 782 Admodum.

774 814 925 840 means.

792 861 906 906 Cedo,
928 861 1018 910 quid
1038 861 1189 911 reliquit
1207 861 1347 900 Phania

228 917 476 956 Consobrinus
499 921 653 958 noster?

736 991 957 1018 nummus.

653 1039 748 1076 Sane
771 1037 895 1076 hercle
920 1037 1034 1076 homo
1054 1037 1234 1087 voluptati
1260 1037 1466 1087 obsequens

226 1093 323 1143 Fuit,
335 1094 424 1132 dum
436 1095 523 1134 vixit
536 1109 545 1134 ε
558 1100 596 1134 et
607 1097 672 1145 qui
682 1095 734 1135 sic
743 1101 840 1140 sunt,
855 1097 955 1135 haud
965 1097 1125 1135 multum
1134 1097 1312 1135 heredem
1321 1096 1463 1145 iuvant.

226 1152 302 1191 Sibi
319 1163 407 1192 vero
420 1154 516 1193 hanc
534 1155 683 1194 laudem
698 1155 915 1205 relinquunt
936 1170 946 1194 z
960 1156 1060 1203 vixit,
1081 1155 1171 1194 dum
1190 1155 1291 1200 vixit,
1306 1154 1416 1194 bene.

772 1286 924 1313 LACHES.

225 1334 319 1371 Tum
336 1337 375 1371 tu
394 1331 507 1382 igitur
525 1333 620 1372 nihil
639 1333 794 1372 attulisti
811 1335 883 1372 huc
901 1334 986 1383 plus
1007 1345 1080 1372 una
1098 1333 1305 1373 sententia?

733 1464 951 1491 PAMPHILUS.

225 1511 405 1560 Quicquid
421 1515 479 1551 est
499 1512 553 1558 id,
578 1512 677 1560 quod
698 1512 860 1561 reliquit,
887 1512 1038 1561 profuit.

766 1583 918 1610 means.
1243 1593 1246 1595 -

1050 1632 1167 1668 lmmo
1182 1629 1326 1669 obfuit:

225 1694 317 1730 Nam
336 1692 444 1731 illum
459 1692 582 1730 vivum
597 1696 635 1731 et
653 1692 797 1731 salvum
818 1691 966 1731 vellem.

742 1762 945 1790 rmmprus.

932 1813 1085 1860 Impune
1103 1814 1231 1859 optare
1247 1809 1340 1847 istuc
1351 1808 1462 1847 licet:

225 1869 289 1908 ille
307 1868 496 1908 reviviscet
514 1869 594 1919 jam
614 1880 823 1919 nunquam3
844 1874 883 1908 et
898 1874 1024 1908 tamen
1044 1873 1167 1908 utrum
1189 1868 1298 1906 malis
1314 1868 1404 1906 scio.

768 1940 922 1968 meurs.

226 1988 311 2027 Heri
326 1988 582 2027 Philumenam
597 1988 643 2027 ad
663 1998 704 2027 se
725 1987 868 2026 adeersi
885 1986 946 2026 hic
960 1987 1098 2036 jussit:
1116 1987 1177 2026 dic
1191 1986 1347 2036 ,iussisse
1363 1990 1414 2024 te.

738 2117 943 2144 rmmrrus.

226 2165 310 2204 Noli
329 2164 458 2204 fodere
474 2178 484 2203 ε
498 2164 605 2214 jussi.

769 2234 920 2262 menas.

621 2282 692 2321 Sed
713 2293 796 2321 eam
809 2282 889 2330 jam
908 2281 1085 2320 remittet.
