<?xml version="1.0" encoding="UTF-8"?>
<!DOCTYPE html PUBLIC "-//W3C//DTD XHTML 1.0 Transitional//EN"
    "http://www.w3.org/TR/xhtml1/DTD/xhtml1-transitional.dtd">
<html xmlns="http://www.w3.org/1999/xhtml" xml:lang="en" lang="en">
 <head>
  <title>
</title>
<meta http-equiv="Content-Type" content="text/html;charset=utf-8" />
  <meta name='ocr-system' content='tesseract 3.04.00' />
  <meta name='ocr-capabilities' content='ocr_page ocr_carea ocr_par ocr_line ocrx_word'/>
</head>
<body>
  <div class='ocr_page' id='page_1' title='image "./comdiesdetre01tereuoft_0140.png"; bbox 0 0 1586 2658; ppageno 0'>
   <div class='ocr_carea' id='block_1_1' title="bbox 154 253 878 292">
    <p class='ocr_par' dir='ltr' id='par_1_1' title="bbox 154 253 878 292">
     <span class='ocr_line' id='line_1_1' title="bbox 154 253 878 292; baseline 0.007 -5"><span class='ocrx_word' id='word_1_1' title='bbox 154 253 199 288; x_wconf 84' lang='lat'><strong>78</strong></span> <span class='ocrx_word' id='word_1_2' title='bbox 472 287 476 292; x_wconf 84' lang='lat'><strong>.</strong></span> <span class='ocrx_word' id='word_1_3' title='bbox 668 255 878 292; x_wconf 73' lang='lat' dir='ltr'><strong>ANDRIA.</strong></span> 
     </span>
    </p>
   </div>
   <div class='ocr_carea' id='block_1_2' title="bbox 152 333 1193 621">
    <p class='ocr_par' dir='ltr' id='par_1_2' title="bbox 152 333 1193 563">
     <span class='ocr_line' id='line_1_2' title="bbox 154 333 1119 386; baseline 0.004 -15"><span class='ocrx_word' id='word_1_4' title='bbox 154 333 377 372; x_wconf 88' lang='lat' dir='ltr'><strong>Conveniam</strong></span> <span class='ocrx_word' id='word_1_5' title='bbox 396 348 406 374; x_wconf 75' lang='grc' dir='ltr'><strong><em>ε</em></strong></span> <span class='ocrx_word' id='word_1_6' title='bbox 426 335 542 375; x_wconf 88' lang='lat' dir='ltr'><strong>orabo</strong></span> <span class='ocrx_word' id='word_1_7' title='bbox 562 342 672 386; x_wconf 81' lang='lat' dir='ltr'><strong>gnato</strong></span> <span class='ocrx_word' id='word_1_8' title='bbox 692 349 846 376; x_wconf 83' lang='lat' dir='ltr'><strong>uxorem</strong></span> <span class='ocrx_word' id='word_1_9' title='bbox 866 351 875 376; x_wconf 90' lang='lat'>:</span> <span class='ocrx_word' id='word_1_10' title='bbox 893 338 924 376; x_wconf 82' lang='lat' dir='ltr'><strong>si</strong></span> <span class='ocrx_word' id='word_1_11' title='bbox 942 337 1119 386; x_wconf 84' lang='lat' dir='ltr'><strong>impetro,</strong></span> 
     </span>
     <span class='ocr_line' id='line_1_3' title="bbox 153 392 1161 445; baseline 0.002 -15"><span class='ocrx_word' id='word_1_12' title='bbox 153 392 248 439; x_wconf 87' lang='lat' dir='ltr'>Quid</span> <span class='ocrx_word' id='word_1_13' title='bbox 265 393 356 432; x_wconf 85' lang='lat' dir='ltr'><strong>alias</strong></span> <span class='ocrx_word' id='word_1_14' title='bbox 376 395 519 443; x_wconf 86' lang='lat' dir='ltr'><strong>malim,</strong></span> <span class='ocrx_word' id='word_1_15' title='bbox 539 406 651 445; x_wconf 87' lang='lat' dir='ltr'><strong>quam</strong></span> <span class='ocrx_word' id='word_1_16' title='bbox 669 396 780 435; x_wconf 87' lang='lat' dir='ltr'><strong>hodie</strong></span> <span class='ocrx_word' id='word_1_17' title='bbox 801 397 868 435; x_wconf 88' lang='lat' dir='ltr'><strong>has</strong></span> <span class='ocrx_word' id='word_1_18' title='bbox 888 396 967 435; x_wconf 81' lang='lat' dir='ltr'><strong>fieri</strong></span> <span class='ocrx_word' id='word_1_19' title='bbox 985 395 1161 445; x_wconf 79' lang='lat' dir='ltr'><strong>nuptias?</strong></span> 
     </span>
     <span class='ocr_line' id='line_1_4' title="bbox 152 452 1193 504; baseline 0.003 -16"><span class='ocrx_word' id='word_1_20' title='bbox 152 454 244 489; x_wconf 87' lang='lat' dir='ltr'><strong>Nam</strong></span> <span class='ocrx_word' id='word_1_21' title='bbox 261 456 391 500; x_wconf 79' lang='lat' dir='ltr'><strong>gnatus</strong></span> <span class='ocrx_word' id='word_1_22' title='bbox 405 453 506 502; x_wconf 74' lang='lat' dir='ltr'><strong>quod</strong></span> <span class='ocrx_word' id='word_1_23' title='bbox 522 454 734 504; x_wconf 80' lang='lat' dir='ltr'><strong>pollicitust,</strong></span> <span class='ocrx_word' id='word_1_24' title='bbox 755 455 856 493; x_wconf 88' lang='lat' dir='ltr'><strong>haud</strong></span> <span class='ocrx_word' id='word_1_25' title='bbox 876 454 1068 493; x_wconf 81' lang='lat' dir='ltr'>dubiumst</span> <span class='ocrx_word' id='word_1_26' title='bbox 1087 452 1193 497; x_wconf 87' lang='lat' dir='ltr'><strong>mihi,</strong></span> 
     </span>
     <span class='ocr_line' id='line_1_5' title="bbox 153 506 1012 563; baseline 0.003 -16"><span class='ocrx_word' id='word_1_27' title='bbox 153 510 190 548; x_wconf 91' lang='lat' dir='ltr'><strong>Si</strong></span> <span class='ocrx_word' id='word_1_28' title='bbox 210 506 318 557; x_wconf 73' lang='lat' dir='ltr'><strong>nolit,</strong></span> <span class='ocrx_word' id='word_1_29' title='bbox 340 510 428 560; x_wconf 84' lang='lat' dir='ltr'><strong>quin</strong></span> <span class='ocrx_word' id='word_1_30' title='bbox 448 523 535 551; x_wconf 88' lang='lat' dir='ltr'><strong>eum</strong></span> <span class='ocrx_word' id='word_1_31' title='bbox 553 514 686 552; x_wconf 84' lang='lat' dir='ltr'><strong>merito</strong></span> <span class='ocrx_word' id='word_1_32' title='bbox 708 514 847 563; x_wconf 86' lang='lat' dir='ltr'><strong>possim</strong></span> <span class='ocrx_word' id='word_1_33' title='bbox 866 524 1012 562; x_wconf 84' lang='lat' dir='ltr'><strong>cogere.</strong></span> 
     </span>
    </p>

    <p class='ocr_par' dir='ltr' id='par_1_3' title="bbox 154 569 1180 621">
     <span class='ocr_line' id='line_1_6' title="bbox 154 569 1180 621; baseline 0.001 -15"><span class='ocrx_word' id='word_1_34' title='bbox 154 571 271 618; x_wconf 85' lang='lat' dir='ltr'><strong>Atque</strong></span> <span class='ocrx_word' id='word_1_35' title='bbox 286 569 380 608; x_wconf 85' lang='lat' dir='ltr'><strong>adeo</strong></span> <span class='ocrx_word' id='word_1_36' title='bbox 395 569 432 609; x_wconf 91' lang='lat' dir='ltr'><strong>in</strong></span> <span class='ocrx_word' id='word_1_37' title='bbox 449 571 530 621; x_wconf 86' lang='lat' dir='ltr'><strong>ipso</strong></span> <span class='ocrx_word' id='word_1_38' title='bbox 549 576 717 621; x_wconf 82' lang='lat' dir='ltr'><strong>tempore</strong></span> <span class='ocrx_word' id='word_1_39' title='bbox 733 583 860 611; x_wconf 82' lang='lat' dir='ltr'><strong>eccum</strong></span> <span class='ocrx_word' id='word_1_40' title='bbox 879 572 1002 621; x_wconf 85' lang='lat' dir='ltr'><strong>ipsum</strong></span> <span class='ocrx_word' id='word_1_41' title='bbox 1020 571 1180 610; x_wconf 87' lang='lat' dir='ltr'><strong>obviam.</strong></span> 
     </span>
    </p>
   </div>
   <div class='ocr_carea' id='block_1_3' title="bbox 558 673 983 811">
    <p class='ocr_par' dir='ltr' id='par_1_4' title="bbox 558 673 983 811">
     <span class='ocr_line' id='line_1_7' title="bbox 632 673 918 712; baseline 0 0"><span class='ocrx_word' id='word_1_42' title='bbox 632 673 819 712; x_wconf 82' lang='lat' dir='ltr'>SCENA</span> <span class='ocrx_word' id='word_1_43' title='bbox 846 673 918 712; x_wconf 88' lang='lat' dir='ltr'><strong>vl.</strong></span> 
     </span>
     <span class='ocr_line' id='line_1_8' title="bbox 558 770 983 811; baseline 0.007 -8"><span class='ocrx_word' id='word_1_44' title='bbox 558 770 695 811; x_wconf 78' lang='lat' dir='ltr'><strong>smo,</strong></span> <span class='ocrx_word' id='word_1_45' title='bbox 738 770 983 806; x_wconf 67' lang='lat' dir='ltr'><strong>CHREMES.</strong></span> 
     </span>
    </p>
   </div>
   <div class='ocr_carea' id='block_1_4' title="bbox 151 876 1136 1256">
    <p class='ocr_par' dir='ltr' id='par_1_5' title="bbox 151 876 1136 1256">
     <span class='ocr_line' id='line_1_9' title="bbox 214 876 822 917; baseline 0 -14"><span class='ocrx_word' id='word_1_46' title='bbox 214 914 217 917; x_wconf 13' lang='grc' dir='ltr'><em>Δ</em></span> <span class='ocrx_word' id='word_1_47' title='bbox 723 876 822 904; x_wconf 78' lang='lat' dir='ltr'><strong>smo-</strong></span> 
     </span>
     <span class='ocr_line' id='line_1_10' title="bbox 151 922 536 964; baseline 0 -4"><span class='ocrx_word' id='word_1_48' title='bbox 151 922 266 962; x_wconf 84' lang='lat' dir='ltr'><strong>Jubeo</strong></span> <span class='ocrx_word' id='word_1_49' title='bbox 286 923 536 964; x_wconf 83' lang='lat' dir='ltr'><strong>Chremetem.</strong></span> 
     </span>
     <span class='ocr_line' id='line_1_11' title="bbox 684 994 863 1022; baseline -0.011 -1"><span class='ocrx_word' id='word_1_50' title='bbox 684 994 863 1022; x_wconf 66' lang='lat' dir='ltr'><strong>canemus.</strong></span> 
     </span>
     <span class='ocr_line' id='line_1_12' title="bbox 491 1041 988 1092; baseline -0.002 -11"><span class='ocrx_word' id='word_1_51' title='bbox 491 1043 545 1090; x_wconf 91' lang='lat' dir='ltr'><strong>O,</strong></span> <span class='ocrx_word' id='word_1_52' title='bbox 562 1046 599 1081; x_wconf 90' lang='lat' dir='ltr'><strong>te</strong></span> <span class='ocrx_word' id='word_1_53' title='bbox 618 1042 741 1092; x_wconf 89' lang='lat' dir='ltr'><strong>ipsum</strong></span> <span class='ocrx_word' id='word_1_54' title='bbox 761 1041 988 1091; x_wconf 73' lang='lat' dir='ltr'><strong>quaerebam.</strong></span> 
     </span>
     <span class='ocr_line' id='line_1_13' title="bbox 722 1111 823 1139; baseline 0.01 -1"><span class='ocrx_word' id='word_1_55' title='bbox 722 1111 823 1139; x_wconf 81' lang='lat' dir='ltr'><strong>smo.</strong></span> 
     </span>
     <span class='ocr_line' id='line_1_14' title="bbox 937 1161 1136 1208; baseline -0.005 -11"><span class='ocrx_word' id='word_1_56' title='bbox 937 1161 982 1197; x_wconf 81' lang='lat' dir='ltr'><strong>Et</strong></span> <span class='ocrx_word' id='word_1_57' title='bbox 999 1168 1070 1208; x_wconf 84' lang='lat' dir='ltr'><strong>ego</strong></span> <span class='ocrx_word' id='word_1_58' title='bbox 1083 1161 1136 1197; x_wconf 88' lang='lat' dir='ltr'><strong>te.</strong></span> 
     </span>
     <span class='ocr_line' id='line_1_15' title="bbox 683 1229 861 1256; baseline -0.006 0"><span class='ocrx_word' id='word_1_59' title='bbox 683 1229 861 1256; x_wconf 66' lang='lat' dir='ltr'><strong>cunnus.</strong></span> 
     </span>
    </p>
   </div>
   <div class='ocr_carea' id='block_1_5' title="bbox 153 1275 1390 1444">
    <p class='ocr_par' dir='ltr' id='par_1_6' title="bbox 153 1275 1390 1444">
     <span class='ocr_line' id='line_1_16' title="bbox 1078 1275 1390 1325; baseline -0.006 -11"><span class='ocrx_word' id='word_1_60' title='bbox 1078 1277 1212 1325; x_wconf 87' lang='lat' dir='ltr'><strong>Optato</strong></span> <span class='ocrx_word' id='word_1_61' title='bbox 1228 1275 1390 1312; x_wconf 78' lang='lat' dir='ltr'><strong>advenis.</strong></span> 
     </span>
     <span class='ocr_line' id='line_1_17' title="bbox 153 1332 1390 1383; baseline -0.002 -11"><span class='ocrx_word' id='word_1_62' title='bbox 153 1333 303 1383; x_wconf 84' lang='lat' dir='ltr'><strong>Aliquot</strong></span> <span class='ocrx_word' id='word_1_63' title='bbox 322 1346 383 1374; x_wconf 89' lang='lat' dir='ltr'><strong>me</strong></span> <span class='ocrx_word' id='word_1_64' title='bbox 401 1334 527 1374; x_wconf 86' lang='lat' dir='ltr'><strong>adiere</strong></span> <span class='ocrx_word' id='word_1_65' title='bbox 540 1365 552 1383; x_wconf 90' lang='lat'><strong><em>,</em></strong></span> <span class='ocrx_word' id='word_1_66' title='bbox 569 1346 613 1374; x_wconf 87' lang='lat' dir='ltr'><strong>ex</strong></span> <span class='ocrx_word' id='word_1_67' title='bbox 636 1340 671 1373; x_wconf 90' lang='lat' dir='ltr'><strong>te</strong></span> <span class='ocrx_word' id='word_1_68' title='bbox 690 1335 858 1373; x_wconf 87' lang='lat' dir='ltr'><strong>auditum</strong></span> <span class='ocrx_word' id='word_1_69' title='bbox 871 1335 936 1383; x_wconf 92' lang='lat' dir='ltr'><strong>qui</strong></span> <span class='ocrx_word' id='word_1_70' title='bbox 955 1334 1128 1382; x_wconf 88' lang='lat' dir='ltr'><strong>aiebant,</strong></span> <span class='ocrx_word' id='word_1_71' title='bbox 1147 1333 1259 1372; x_wconf 84' lang='lat' dir='ltr'><strong>hodie</strong></span> <span class='ocrx_word' id='word_1_72' title='bbox 1278 1332 1390 1370; x_wconf 81' lang='lat' dir='ltr'><strong>filiam</strong></span> 
     </span>
     <span class='ocr_line' id='line_1_18' title="bbox 155 1393 1283 1444; baseline -0.002 -13"><span class='ocrx_word' id='word_1_73' title='bbox 155 1395 275 1432; x_wconf 88' lang='lat' dir='ltr'><strong>Meam</strong></span> <span class='ocrx_word' id='word_1_74' title='bbox 291 1394 433 1433; x_wconf 87' lang='lat' dir='ltr'><strong>nubere</strong></span> <span class='ocrx_word' id='word_1_75' title='bbox 449 1397 514 1434; x_wconf 89' lang='lat' dir='ltr'><strong>tuo</strong></span> <span class='ocrx_word' id='word_1_76' title='bbox 532 1398 643 1444; x_wconf 87' lang='lat' dir='ltr'><strong>gnato</strong></span> <span class='ocrx_word' id='word_1_77' title='bbox 663 1407 672 1432; x_wconf 93' lang='lat'><strong>:</strong></span> <span class='ocrx_word' id='word_1_78' title='bbox 693 1394 731 1432; x_wconf 90' lang='lat' dir='ltr'><strong>id</strong></span> <span class='ocrx_word' id='word_1_79' title='bbox 748 1395 847 1437; x_wconf 85' lang='lat' dir='ltr'><strong>viso,</strong></span> <span class='ocrx_word' id='word_1_80' title='bbox 868 1399 933 1432; x_wconf 90' lang='lat' dir='ltr'><strong>tun</strong></span> <span class='ocrx_word' id='word_1_81' title='bbox 949 1405 996 1432; x_wconf 92' lang='lat' dir='ltr'><strong>an</strong></span> <span class='ocrx_word' id='word_1_82' title='bbox 1015 1394 1070 1432; x_wconf 89' lang='lat' dir='ltr'><strong>illi</strong></span> <span class='ocrx_word' id='word_1_83' title='bbox 1089 1393 1283 1432; x_wconf 86' lang='lat' dir='ltr'><strong>insaniant.</strong></span> 
     </span>
    </p>
   </div>
   <div class='ocr_carea' id='block_1_6' title="bbox 153 1523 1391 1913">
    <p class='ocr_par' dir='ltr' id='par_1_7' title="bbox 153 1523 1391 1913">
     <span class='ocr_line' id='line_1_19' title="bbox 720 1523 821 1550; baseline -0.01 0"><span class='ocrx_word' id='word_1_84' title='bbox 720 1523 821 1550; x_wconf 76' lang='lat' dir='ltr'><strong>snio.</strong></span> 
     </span>
     <span class='ocr_line' id='line_1_20' title="bbox 153 1569 1391 1620; baseline 0 -12"><span class='ocrx_word' id='word_1_85' title='bbox 153 1570 327 1610; x_wconf 78' lang='lat' dir='ltr'><strong>Ausculta</strong></span> <span class='ocrx_word' id='word_1_86' title='bbox 353 1570 482 1620; x_wconf 79' lang='lat' dir='ltr'><strong>paucis</strong></span> <span class='ocrx_word' id='word_1_87' title='bbox 509 1584 519 1610; x_wconf 90' lang='lat'>:</span> <span class='ocrx_word' id='word_1_88' title='bbox 542 1575 581 1610; x_wconf 88' lang='lat' dir='ltr'><strong>et</strong></span> <span class='ocrx_word' id='word_1_89' title='bbox 606 1571 697 1620; x_wconf 88' lang='lat' dir='ltr'><strong>quid</strong></span> <span class='ocrx_word' id='word_1_90' title='bbox 722 1581 791 1619; x_wconf 84' lang='lat' dir='ltr'><strong>ego</strong></span> <span class='ocrx_word' id='word_1_91' title='bbox 813 1575 851 1609; x_wconf 90' lang='lat' dir='ltr'><strong>te</strong></span> <span class='ocrx_word' id='word_1_92' title='bbox 874 1569 985 1609; x_wconf 85' lang='lat' dir='ltr'><strong>velim</strong></span> <span class='ocrx_word' id='word_1_93' title='bbox 1005 1574 1046 1609; x_wconf 81' lang='lat' dir='ltr'><strong>et</strong></span> <span class='ocrx_word' id='word_1_94' title='bbox 1072 1574 1114 1609; x_wconf 84' lang='lat' dir='ltr'><strong>tu</strong></span> <span class='ocrx_word' id='word_1_95' title='bbox 1138 1570 1238 1619; x_wconf 90' lang='lat' dir='ltr'><strong>quod</strong></span> <span class='ocrx_word' id='word_1_96' title='bbox 1259 1569 1391 1619; x_wconf 69' lang='lat' dir='ltr'><strong>quaeris</strong></span> 
     </span>
     <span class='ocr_line' id='line_1_21' title="bbox 204 1626 907 1668; baseline 0.001 -1"><span class='ocrx_word' id='word_1_97' title='bbox 204 1629 310 1668; x_wconf 88' lang='lat' dir='ltr'><strong>scies.</strong></span> <span class='ocrx_word' id='word_1_98' title='bbox 834 1641 840 1647; x_wconf 93' lang='lat'><strong>·</strong></span> <span class='ocrx_word' id='word_1_99' title='bbox 904 1626 907 1627; x_wconf 47' lang='lat'><em>⁷</em></span> 
     </span>
     <span class='ocr_line' id='line_1_22' title="bbox 682 1699 861 1727; baseline -0.006 -1"><span class='ocrx_word' id='word_1_100' title='bbox 682 1699 861 1727; x_wconf 70' lang='lat' dir='ltr'><strong>caumes.</strong></span> 
     </span>
     <span class='ocr_line' id='line_1_23' title="bbox 153 1745 764 1796; baseline 0.002 -12"><span class='ocrx_word' id='word_1_101' title='bbox 153 1745 327 1785; x_wconf 81' lang='lat' dir='ltr'><strong>Ausculto</strong></span> <span class='ocrx_word' id='word_1_102' title='bbox 349 1759 360 1785; x_wconf 68' lang='grc' dir='ltr'><strong>ε</strong></span> <span class='ocrx_word' id='word_1_103' title='bbox 378 1746 532 1796; x_wconf 85' lang='lat' dir='ltr'><strong>loquere</strong></span> <span class='ocrx_word' id='word_1_104' title='bbox 550 1746 641 1796; x_wconf 88' lang='lat' dir='ltr'><strong>quid</strong></span> <span class='ocrx_word' id='word_1_105' title='bbox 661 1747 764 1786; x_wconf 89' lang='lat' dir='ltr'><strong>velis.</strong></span> 
     </span>
     <span class='ocr_line' id='line_1_24' title="bbox 721 1817 821 1845; baseline 0.01 -1"><span class='ocrx_word' id='word_1_106' title='bbox 721 1817 821 1845; x_wconf 76' lang='lat' dir='ltr'><strong>smo-</strong></span> 
     </span>
     <span class='ocr_line' id='line_1_25' title="bbox 154 1864 1167 1913; baseline -0.001 -11"><span class='ocrx_word' id='word_1_107' title='bbox 154 1867 224 1902; x_wconf 86' lang='lat' dir='ltr'><strong>Per</strong></span> <span class='ocrx_word' id='word_1_108' title='bbox 237 1869 273 1902; x_wconf 86' lang='lat' dir='ltr'><strong>te</strong></span> <span class='ocrx_word' id='word_1_109' title='bbox 291 1864 381 1903; x_wconf 90' lang='lat' dir='ltr'><strong>deos</strong></span> <span class='ocrx_word' id='word_1_110' title='bbox 399 1875 468 1903; x_wconf 86' lang='lat' dir='ltr'><strong>oro</strong></span> <span class='ocrx_word' id='word_1_111' title='bbox 481 1893 492 1912; x_wconf 92' lang='lat'><strong><em>,</em></strong></span> <span class='ocrx_word' id='word_1_112' title='bbox 512 1869 551 1903; x_wconf 88' lang='lat' dir='ltr'><strong>et</strong></span> <span class='ocrx_word' id='word_1_113' title='bbox 567 1869 736 1913; x_wconf 74' lang='lat' dir='ltr'><strong>nostram¹</strong></span> <span class='ocrx_word' id='word_1_114' title='bbox 748 1865 952 1903; x_wconf 85' lang='lat' dir='ltr'><strong>amicitiam</strong></span> <span class='ocrx_word' id='word_1_115' title='bbox 963 1893 976 1912; x_wconf 86' lang='lat'><strong><em>,</em></strong></span> <span class='ocrx_word' id='word_1_116' title='bbox 988 1864 1167 1911; x_wconf 85' lang='lat' dir='ltr'><strong>Chreme,</strong></span> 
     </span>
    </p>
   </div>
   <div class='ocr_carea' id='block_1_7' title="bbox 85 1922 1175 1974">
    <p class='ocr_par' dir='ltr' id='par_1_8' title="bbox 85 1922 1175 1974">
     <span class='ocr_line' id='line_1_26' title="bbox 85 1922 1175 1974; baseline -0.003 -12"><span class='ocrx_word' id='word_1_117' title='bbox 85 1933 90 1938; x_wconf 92' lang='lat'>·</span> <span class='ocrx_word' id='word_1_118' title='bbox 152 1925 262 1970; x_wconf 71' lang='lat' dir='ltr'><strong>Quae,</strong></span> <span class='ocrx_word' id='word_1_119' title='bbox 283 1924 429 1973; x_wconf 81' lang='lat' dir='ltr'><strong>incepta</strong></span> <span class='ocrx_word' id='word_1_120' title='bbox 441 1935 463 1962; x_wconf 90' lang='lat' dir='ltr'><strong>a</strong></span> <span class='ocrx_word' id='word_1_121' title='bbox 476 1924 619 1974; x_wconf 85' lang='lat' dir='ltr'><strong>parvis,</strong></span> <span class='ocrx_word' id='word_1_122' title='bbox 638 1935 723 1963; x_wconf 91' lang='lat' dir='ltr'><strong>cum</strong></span> <span class='ocrx_word' id='word_1_123' title='bbox 737 1928 844 1962; x_wconf 80' lang='lat' dir='ltr'><strong>aetate</strong></span> <span class='ocrx_word' id='word_1_124' title='bbox 863 1922 1026 1962; x_wconf 82' lang='lat' dir='ltr'><strong>adcrevit</strong></span> <span class='ocrx_word' id='word_1_125' title='bbox 1042 1922 1152 1960; x_wconf 90' lang='lat' dir='ltr'><strong>simul</strong></span> <span class='ocrx_word' id='word_1_126' title='bbox 1165 1950 1175 1965; x_wconf 87' lang='lat'><strong>.</strong></span> 
     </span>
    </p>
   </div>
   <div class='ocr_carea' id='block_1_8' title="bbox 149 1983 1163 2383">
    <p class='ocr_par' dir='ltr' id='par_1_9' title="bbox 149 1983 1163 2383">
     <span class='ocr_line' id='line_1_27' title="bbox 157 1983 1163 2031; baseline -0.001 -11"><span class='ocrx_word' id='word_1_127' title='bbox 157 1984 300 2031; x_wconf 85' lang='lat' dir='ltr'><strong>Perque</strong></span> <span class='ocrx_word' id='word_1_128' title='bbox 320 1983 464 2021; x_wconf 86' lang='lat' dir='ltr'><strong>unicam</strong></span> <span class='ocrx_word' id='word_1_129' title='bbox 484 1985 633 2031; x_wconf 80' lang='lat' dir='ltr'><strong>gna&#39;tam</strong></span> <span class='ocrx_word' id='word_1_130' title='bbox 655 1988 755 2021; x_wconf 87' lang='lat' dir='ltr'><strong>tuam</strong></span> <span class='ocrx_word' id='word_1_131' title='bbox 767 2013 779 2031; x_wconf 94' lang='lat'><strong><em>,</em></strong></span> <span class='ocrx_word' id='word_1_132' title='bbox 793 1987 831 2021; x_wconf 89' lang='lat' dir='ltr'><strong>et</strong></span> <span class='ocrx_word' id='word_1_133' title='bbox 847 1986 998 2031; x_wconf 84' lang='lat' dir='ltr'><strong>gnatum</strong></span> <span class='ocrx_word' id='word_1_134' title='bbox 1013 1991 1163 2028; x_wconf 75' lang='lat' dir='ltr'><strong>meum,</strong></span> 
     </span>
     <span class='ocr_line' id='line_1_28' title="bbox 153 2040 1023 2089; baseline 0 -11"><span class='ocrx_word' id='word_1_135' title='bbox 153 2040 266 2089; x_wconf 88' lang='lat' dir='ltr'><strong>Cujus</strong></span> <span class='ocrx_word' id='word_1_136' title='bbox 285 2040 352 2079; x_wconf 87' lang='lat' dir='ltr'><strong>tibi</strong></span> <span class='ocrx_word' id='word_1_137' title='bbox 373 2043 533 2089; x_wconf 59' lang='lat' dir='ltr'><strong>potestas</strong></span> <span class='ocrx_word' id='word_1_138' title='bbox 551 2052 696 2079; x_wconf 87' lang='lat' dir='ltr'><strong>summa</strong></span> <span class='ocrx_word' id='word_1_139' title='bbox 709 2041 879 2080; x_wconf 85' lang='lat' dir='ltr'><strong>servandi</strong></span> <span class='ocrx_word' id='word_1_140' title='bbox 894 2040 1023 2087; x_wconf 81' lang='lat' dir='ltr'><strong>datur,</strong></span> 
     </span>
     <span class='ocr_line' id='line_1_29' title="bbox 154 2099 1094 2148; baseline -0.001 -11"><span class='ocrx_word' id='word_1_141' title='bbox 154 2102 199 2138; x_wconf 94' lang='lat' dir='ltr'><strong>Ut</strong></span> <span class='ocrx_word' id='word_1_142' title='bbox 212 2110 272 2137; x_wconf 93' lang='lat' dir='ltr'><strong>me</strong></span> <span class='ocrx_word' id='word_1_143' title='bbox 287 2099 440 2148; x_wconf 71' lang='lat' dir='ltr'><strong>adJuves</strong></span> <span class='ocrx_word' id='word_1_144' title='bbox 459 2099 496 2137; x_wconf 94' lang='lat' dir='ltr'><strong>in</strong></span> <span class='ocrx_word' id='word_1_145' title='bbox 518 2100 586 2138; x_wconf 84' lang='lat' dir='ltr'><strong>hac</strong></span> <span class='ocrx_word' id='word_1_146' title='bbox 605 2111 646 2138; x_wconf 89' lang='lat' dir='ltr'><strong>re</strong></span> <span class='ocrx_word' id='word_1_147' title='bbox 669 2113 679 2138; x_wconf 80' lang='lat' dir='ltr'><strong>t</strong></span> <span class='ocrx_word' id='word_1_148' title='bbox 697 2104 809 2148; x_wconf 89' lang='lat' dir='ltr'><strong>atque</strong></span> <span class='ocrx_word' id='word_1_149' title='bbox 826 2100 877 2138; x_wconf 84' lang='lat' dir='ltr'><strong>ita</strong></span> <span class='ocrx_word' id='word_1_150' title='bbox 889 2099 944 2138; x_wconf 89' lang='lat' dir='ltr'><strong>uti</strong></span> <span class='ocrx_word' id='word_1_151' title='bbox 956 2099 1094 2148; x_wconf 83' lang='lat' dir='ltr'><strong>nuptiae</strong></span> 
     </span>
     <span class='ocr_line' id='line_1_30' title="bbox 153 2157 613 2204; baseline 0 -9"><span class='ocrx_word' id='word_1_152' title='bbox 153 2160 314 2196; x_wconf 86' lang='lat' dir='ltr'><strong>Fuerant</strong></span> <span class='ocrx_word' id='word_1_153' title='bbox 333 2157 487 2204; x_wconf 82' lang='lat' dir='ltr'><strong>suturoe,</strong></span> <span class='ocrx_word' id='word_1_154' title='bbox 509 2158 613 2196; x_wconf 86' lang='lat' dir='ltr'><strong>fiant.</strong></span> 
     </span>
     <span class='ocr_line' id='line_1_31' title="bbox 683 2227 862 2255; baseline 0 -1"><span class='ocrx_word' id='word_1_155' title='bbox 683 2227 862 2255; x_wconf 67' lang='lat' dir='ltr'><strong>canemus.</strong></span> 
     </span>
     <span class='ocr_line' id='line_1_32' title="bbox 625 2274 1045 2313; baseline 0 -1"><span class='ocrx_word' id='word_1_156' title='bbox 625 2276 699 2312; x_wconf 84' lang='lat' dir='ltr'><strong>Ab!</strong></span> <span class='ocrx_word' id='word_1_157' title='bbox 717 2287 762 2313; x_wconf 92' lang='lat' dir='ltr'><strong>ne</strong></span> <span class='ocrx_word' id='word_1_158' title='bbox 782 2286 842 2313; x_wconf 92' lang='lat' dir='ltr'><strong>me</strong></span> <span class='ocrx_word' id='word_1_159' title='bbox 859 2274 1014 2313; x_wconf 82' lang='lat' dir='ltr'><strong>obsecra</strong></span> <span class='ocrx_word' id='word_1_160' title='bbox 1034 2286 1045 2312; x_wconf 71' lang='grc' dir='ltr'><strong>ε</strong></span> 
     </span>
     <span class='ocr_line' id='line_1_33' title="bbox 149 2333 1097 2383; baseline -0.003 -10"><span class='ocrx_word' id='word_1_161' title='bbox 149 2335 259 2381; x_wconf 84' lang='lat' dir='ltr'><strong>Quasi</strong></span> <span class='ocrx_word' id='word_1_162' title='bbox 278 2334 349 2373; x_wconf 89' lang='lat' dir='ltr'><strong>hoc</strong></span> <span class='ocrx_word' id='word_1_163' title='bbox 366 2338 401 2372; x_wconf 87' lang='lat' dir='ltr'><strong>te</strong></span> <span class='ocrx_word' id='word_1_164' title='bbox 418 2333 560 2373; x_wconf 85' lang='lat' dir='ltr'><strong>orando</strong></span> <span class='ocrx_word' id='word_1_165' title='bbox 579 2344 601 2371; x_wconf 88' lang='lat' dir='ltr'><strong>a</strong></span> <span class='ocrx_word' id='word_1_166' title='bbox 617 2344 678 2372; x_wconf 91' lang='lat' dir='ltr'><strong>me</strong></span> <span class='ocrx_word' id='word_1_167' title='bbox 695 2333 896 2383; x_wconf 84' lang='lat' dir='ltr'><strong>impetrare</strong></span> <span class='ocrx_word' id='word_1_168' title='bbox 914 2336 1097 2381; x_wconf 76' lang='lat' dir='ltr'><strong>oporteat.</strong></span> 
     </span>
    </p>
   </div>
  </div>
 </body>
</html>
