1624 2632
268 264 340 299 294
559 266 803 302 HEAUTON
827 263 1222 301 TlMORUMENOS.

270 342 456 390 Faciebat,
476 354 550 392 quo
565 343 666 382 illam
684 344 775 382 mihi
795 344 954 381 lenirent
973 342 1175 380 miseriam.

269 399 335 437 Ubi
358 401 465 440 video
485 402 578 449 hoec,
598 402 693 451 coepi
713 403 873 451 cogitare
893 415 903 439 ι
925 401 1027 447 hem,
1044 404 1101 439 tot
1114 410 1198 438 mea

269 459 391 510 Soli-us
408 461 553 499 solliciti
574 462 648 500 sint
663 473 788 508 causa,
807 467 847 500 ut
865 472 925 499 me
946 471 1059 498 unum
1077 458 1279 509 expleant?

268 519 419 558 Ancillae
438 524 491 558 tot
508 531 568 560 me
583 520 767 559 vestiant?
781 523 955 569 Sumptus
973 519 1076 558 domi

269 580 405 616 Tantos
421 589 489 627 ego
505 580 606 618 solus
623 580 755 618 faciam
766 582 784 617 ἱ)
799 580 871 618 Sed
887 583 1038 628 gnatum
1055 578 1221 623 unicum,

270 639 386 682 Quem
405 639 543 685 pariter
561 638 613 677 uti
628 638 687 676 his
706 638 830 676 decuit
849 643 913 675 aut
930 638 1042 675 etiam
1062 636 1238 685 amplius,

270 696 377 740 Quod
398 697 461 734 illa
477 701 566 735 aetas
586 697 702 746 magis
720 698 766 734 ad
784 697 861 735 haec
883 696 1017 734 utenda
1033 696 1168 734 idonea
1184 697 1254 742 est,

269 755 363 791 Eum
383 766 452 802 ego
472 755 559 794 hinc
579 756 673 804 ejeci
688 755 866 793 miserum
887 754 1067 802 inJ'ustitia
1082 755 1192 792 mea?

270 813 366 851 Malo
384 814 537 862 quidem
558 826 617 853 me
634 815 786 863 dignum
805 815 935 863 quovis
955 814 1144 862 deputem,

272 874 308 910 Si
327 873 363 909 id
383 874 528 911 faciam.
549 877 640 911 Nam
660 885 774 922 usque
792 873 880 910 dum
898 873 961 910 ille
975 874 1086 910 vitam
1104 872 1207 909 illam
1224 869 1322 909 colet

271 933 435 979 Inopem,
455 943 583 970 carens
599 932 716 981 patria
733 933 780 969 ob
800 943 901 968 meas
920 930 1088 978 injurias,

272 991 413 1027 Interea
432 1001 548 1039 usque
566 991 619 1028 illi
641 991 686 1028 de
706 1001 765 1027 me
783 990 1004 1038 supplicium
1025 989 1137 1034 dabo,

272 1049 473 1095 Laborans,
495 1059 679 1097 quaerens,
700 1060 866 1097 parcens,
888 1048 939 1085 illi
960 1048 1135 1086 serviens.

272 1110 324 1144 lta
342 1108 436 1146 facio
459 1118 609 1156 prorsus
628 1123 638 1145 ε
661 1108 752 1145 nihil
772 1107 940 1156 relinquo
959 1107 996 1144 in
1015 1106 1171 1149 aedibus,

272 1168 346 1204 Nec
366 1178 440 1212 vas,
463 1178 532 1205 nec
547 1167 805 1204 vestimentum
825 1180 834 1204 ε
853 1166 996 1204 conrasi
1013 1165 1152 1203 omnia.

272 1226 449 1272 Ancillas,
467 1237 610 1273 servos,
631 1226 700 1263 nisi
719 1237 784 1275 eos
798 1225 860 1274 qui
877 1236 988 1273 opere
1005 1225 1144 1262 rustico

274 1283 460 1323 Faciundo
479 1284 586 1323 facile
602 1289 791 1334 sumptum
811 1289 1023 1322 exercerent
1041 1294 1165 1330 suum,

273 1343 400 1381 Omnis
417 1344 574 1392 produxi
591 1355 633 1381 ac
652 1344 812 1381 vendidi.
830 1343 997 1391 inscripsi
1019 1342 1116 1380 illico

272 1404 374 1442 AEdis
391 1405 573 1443 mercede.
594 1405 705 1449 Quasi
724 1404 862 1442 talenta
880 1404 926 1441 ad
942 1403 1153 1451 quindecim

220 1498 223 1501 .
275 1463 388 1511 Coegi
408 1477 417 1502 :
437 1474 566 1512 agrum
587 1463 685 1501 hunc
703 1467 888 1501 mercatus
909 1474 990 1500 sum
1013 1475 1022 1499 ε
1040 1461 1099 1499 hic
1118 1471 1178 1498 me
1195 1469 1364 1498 exerceo.

272 1522 420 1559 Decrevi
437 1522 616 1571 tantisper
633 1533 693 1560 me
710 1522 832 1559 minus
852 1521 1012 1570 injuriae,

271 1581 463 1629 Chremes,
484 1592 568 1620 meo
587 1585 698 1630 gnato
715 1580 850 1627 facere,
872 1580 960 1617 dum
980 1581 1066 1616 tiam
1081 1578 1195 1616 miser
1212 1591 1222 1616 z

272 1642 346 1677 Nec
364 1639 419 1678 sas
437 1650 533 1687 esse,
554 1639 629 1678 ulla
649 1651 708 1677 me
726 1640 913 1688 voluptate
932 1639 991 1676 hic
1009 1639 1098 1684 frui,

271 1698 347 1736 Nisi
367 1698 430 1737 ubi
448 1697 512 1737 ille
527 1698 603 1738 huc
619 1698 741 1737 salvus
760 1698 912 1736 redierit
932 1708 1036 1735 meus
1047 1695 1245 1745 particeps.

801 1768 978 1795 canamus.

273 1816 422 1866 ingenio
441 1821 477 1856 te
490 1811 575 1856 ‘esse
589 1816 628 1855 in
649 1816 789 1855 liberos
806 1815 880 1853 leni
899 1821 1003 1864 puto,

271 1879 314 1914 Et
332 1876 439 1914 illum
457 1877 741 1925 obsequentem,
758 1874 873 1923 siquis
893 1878 993 1912 recte
1012 1877 1077 1910 aut
1091 1870 1290 1910 commode

271 1939 473 1974 Tractaret.
496 1937 633 1973 Verum
649 1946 718 1972 nec
733 1939 770 1971 tu
786 1934 891 1971 illum
911 1933 1000 1970 satis
1018 1942 1187 1977 noveras,

269 1997 345 2033 Nec
362 1998 399 2032 te
419 1993 483 2032 ille
494 2008 504 2041 3
525 1993 670 2042 hocque
689 1992 745 2040 fit,
762 1993 824 2030 ubi
839 2003 914 2030 non
932 2002 1018 2029 vere
1034 1991 1181 2027 vivitur.

270 2056 324 2091 Tu
343 2052 450 2090 illum
471 2063 674 2101 numquam
694 2051 887 2098 ostendisti
903 2049 1033 2099 quanti
1049 2048 1246 2098 penderes,

270 2114 345 2150 Nec
363 2111 429 2150 tibi
447 2111 547 2150 illest
564 2110 718 2149 credere
733 2121 845 2148 ausus
864 2120 947 2158 quae
964 2113 1021 2147 est
1037 2117 1185 2156 aequum
1198 2105 1307 2155 patri.

270 2170 376 2215 Quod
391 2169 423 2209 si
441 2175 538 2208 esset
554 2170 707 2213 factum,
723 2168 801 2207 haec
820 2178 1025 2216 numquam
1044 2166 1255 2204 evenissent
1272 2162 1346 2202 tibi

774 2296 1004 2323 maneamus.

271 2349 324 2386 lta
339 2358 400 2386 res
415 2351 485 2394 est,
506 2346 628 2385 fateor
645 2359 654 2384 ε
672 2350 865 2396 peccatum
883 2357 906 2383 a
923 2354 984 2383 me
1001 2347 1222 2382 maxumest.
