1624 2632
283 196 352 233 322
561 202 815 245 ‚HEAUTON
844 208 1236 250 TIMORUMENOS.

809 298 992 327 cunano.

1042 351 1148 398 Syre,
1162 350 1223 389 dic
1242 351 1359 390 modo

283 394 419 434 Verum

835 474 966 504 snus.

449 515 523 562 Age
541 516 656 556 modo
679 531 690 557 ε
710 519 823 559 hodie
844 532 931 561 sero
950 534 994 562 ac
1011 524 1260 576 nequicquam
1279 525 1395 564 voles.

835 650 969 679 cunm.

280 688 407 736 Datur,
431 690 568 738 fruare,
585 693 678 733 dum
698 695 785 735 licet
799 710 810 736 ε
825 709 911 738 nam
926 700 1117 742 nescias...

588 856 590 858 ,
811 827 995 859 cu‘rirflo.

279 865 384 914 syre,
404 867 571 917 inquam.

835 953 962 982 smus.

564 1005 678 1053 Perge
697 1016 826 1055 porro,
841 1011 966 1046 tamen
985 1009 1079 1048 istuc
1094 1020 1177 1060 ago.

832 1083 967 1110 camni.

279 1124 368 1173 Ejus
385 1127 432 1165 sit
446 1133 610 1177 potestas
629 1133 783 1183 posthac
797 1146 845 1172 an
862 1146 1066 1185 numquam
1080 1135 1161 1174 tibi.

804 1211 988 1239 CLITIPHO.

219 1257 222 1260 ’
284 1252 416 1294 Verum
432 1257 557 1298 hercle
567 1258 662 1300 istuc
673 1266 730 1301 est
745 1277 754 1301 ε
770 1265 873 1313 Syre,
886 1266 992 1314 Syre,
1002 1265 1170 1314 inquam,
1185 1265 1277 1305 heus
1289 1269 1400 1316 heus,
1415 1269 1519 1318 Syre.

833 1399 961 1427 smus.

277 1447 467 1487 concaluit
485 1462 495 1488 :
512 1449 602 1500 quid
617 1450 700 1490 vis?

803 1529 985 1558 cmm’no.

714 1581 820 1630 Redi,
842 1583 936 1622 redi.

827 1653 958 1681 snus.

947 1701 1100 1747 Adsum,
1122 1702 1183 1741 dic
1197 1702 1288 1753 quid
1302 1709 1358 1743 est
1368 1706 1391 1741 ἰ)

272 1756 352 1793 lam
368 1756 440 1795 hoc
454 1767 603 1807 quoque
623 1757 777 1807 negabis
794 1759 862 1798 tibi
877 1759 1037 1808 placere.

802 1829 985 1860 omnmo.

1057 1882 1190 1924 Immo,
1210 1882 1301 1930 Syre
1308 1893 1326 1929 ς

271 1935 316 1971 Et
332 1944 393 1972 me
412 1938 450 1972 et
463 1945 589 1974 meum
608 1947 777 1975 amorem
792 1941 830 1975 et
843 1937 982 1976 famam
995 1939 1171 1988 permitto
1188 1938 1268 1977 tibi.

271 1993 324 2029 Tu
340 2003 380 2030 es
393 1992 508 2041 judex
523 2007 534 2033 ε
554 1995 693 2045 nequid
708 1996 938 2035 accusandus
952 1996 1016 2045 sis,
1032 1996 1129 2036 vide.

626 2063 628 2065 ’
826 2067 956 2095 snus.

271 2111 481 2150 Ridiculum
495 2117 552 2151 est
567 2117 602 2152 te
619 2114 715 2153 istuc
730 2126 790 2153 me
811 2115 1029 2164 admonere,
1048 2115 1210 2165 Clitipho
1224 2129 1239 2155 z

271 2171 382 2216 Quasi
399 2171 482 2210 istic
502 2172 626 2211 minor
645 2185 729 2212 mea
745 2185 804 2213 res
824 2179 967 2223 agatur,
986 2186 1100 2224 quam
1114 2180 1192 2213 tua.

270 2231 333 2268 Hic
352 2230 383 2268 si
402 2231 492 2279 quid
507 2231 614 2270 nobis
631 2232 727 2271 sorte
743 2234 887 2271 adversi
903 2234 1082 2281 evenerit,

269 2289 347 2327 Tibi
365 2294 474 2328 erunt
492 2295 622 2340 parata
637 2291 765 2339 verba,
782 2291 868 2331 huic
887 2292 1029 2331 homini
1047 2292 1218 2333 verbera.
