1624 2632
249 244 307 276 306
536 246 776 284 HEAUTON
811 247 1202 287 TlMORUMENoS,

722 504 930 553 ACTUS
963 506 1023 554 ΙΙ.

746 645 809 686 Sc
823 647 932 686 ENA
966 647 999 686 Ι.

639 753 829 798 CLINIA,
856 754 1105 793 CLITIPHO.

806 862 942 889 cusu.

255 905 291 943 Si
312 905 401 943 mihi
418 908 587 946 secundm
607 919 667 947 res
687 909 733 947 de
748 920 876 948 amore
893 920 978 947 meo
994 912 1132 956 essent,
1145 907 1383 957 jamdudum,
1398 906 1493 952 scio.

258 965 468 1014 venissent3
487 967 552 1005 sed
572 978 703 1006 vereor
716 980 763 1006 ne
778 969 913 1007 mulier
928 979 986 1006 me
1006 969 1159 1006 absente
1173 967 1232 1005 hic
1244 971 1417 1016 corrupta
1428 965 1489 1005 sit.

185 1068 186 1071 Ἴ
255 1027 484 1065 Concurrunt
497 1028 622 1067 multae
637 1029 844 1079 opiniones,
857 1041 940 1079 quae
954 1030 1046 1067 mihi
1061 1029 1226 1067 animum
1239 1032 1443 1077 exaugeam
1456 1041 1468 1066 ε

254 1085 415 1131 occasio,
438 1086 554 1134 locus,
575 1092 678 1136 aetas,
696 1093 829 1136 mater,
848 1089 954 1137 quus
973 1088 1041 1127 sub
1062 1089 1268 1138 imperiost,
1283 1087 1397 1136 mala,

255 1143 320 1181 Cui
337 1144 388 1182 nil
406 1145 484 1194 jam
504 1151 639 1196 praeter
657 1148 818 1198 pretium
838 1148 994 1186 dulcest.

784 1277 970 1306 cnm-nmo.

1011 1324 1141 1363 Clinia.

803 1396 941 1423 cmm.

1152 1442 1216 1480 Hei
1232 1440 1368 1480 misero
1387 1440 1492 1481 mihi.

781 1514 963 1542 camno.

258 1558 372 1597 Etiam
388 1570 475 1599 cave
492 1571 540 1600 ne
558 1560 681 1600 videat
698 1561 795 1600 forte
816 1562 901 1600 hinc
921 1566 956 1600 te
975 1572 998 1599 a
1017 1565 1122 1610 patre
1139 1560 1271 1610 aliquis
1285 1557 1421 1598 exiens.

808 1691 944 1718 cmm.

258 1737 400 1775 Faciam
417 1750 427 1776 :
447 1738 511 1776 sed
530 1738 654 1778 nescio
670 1739 760 1789 quid
777 1740 946 1789 profecto
967 1737 1179 1776 minuimus
1197 1737 1369 1786 praesagit
1387 1736 1490 1777 mali.

784 1869 968 1896 οιιτιριιο.

259 1915 386 1964 Pergin
402 1915 496 1954 istuc
515 1916 617 1966 prius
632 1916 855 1966 dijudicare,
874 1927 986 1966 quam
999 1914 1085 1963 scis,
1098 1913 1188 1963 quid
1207 1913 1284 1952 veri
1302 1911 1398 1952 siet?

809 2045 946 2072 cuum.

256 2093 290 2130 Si
310 2093 360 2129 ml
380 2092 467 2131 mali
485 2096 594 2138 esset,
607 2092 688 2143 jam
707 2093 768 2131 hic
786 2093 968 2131 adessent.

785 2162 968 2190 cLlrlpno.

916 2211 995 2246 Jam
1012 2208 1182 2246 aderunt.

806 2278 946 2306 amu.

1113 2323 1268 2369 Quando
1284 2322 1379 2361 istuc
1392 2321 1489 2364 erit?
