1586 2658
213 169 259 206 66
544 183 569 214 ,ψ’
599 183 621 215 ·,
641 201 651 215 1
723 176 938 215 smmum

777 265 878 294 sum.

1015 313 1111 360 Quin
1130 313 1201 360 dic,
1223 312 1312 364 quid
1329 314 1411 353 est?

391 405 394 408 .
698 408 701 413 ,
763 386 897 413 nnus.

214 425 272 464 Ait
289 427 444 468 nimium
462 441 570 479 parce
591 431 712 472 faeere
732 440 934 482 sumptum.

285 503 305 507 *⁷
776 503 877 532 smo.

774 588 776 590 ,
967 552 1097 589 Mene?

760 621 894 649 mvus.

1108 671 1170 707 Te.

214 721 293 769 Vix,
311 723 444 773 inquit,
464 725 650 765 drachmis
667 732 723 766 est
742 727 945 766 obsonatus
964 728 1118 766 decem:

213 783 308 818 Num
328 783 404 822 filio
423 785 568 823 videtur
585 797 736 824 uxorem
757 787 872 825 dare?

213 842 344 889 Quem,
363 841 496 892 inquit,
515 845 653 884 vocabo
671 846 718 883 ad
737 856 867 884 cenam
887 856 1053 883 meorum
1073 844 1270 894 aequalium
1328 885 1330 887 ,

213 900 445 938 Potissimum
462 904 587 940 nnnc?
604 905 664 950 Et,
683 904 782 952 quod
801 904 996 942 dicendum
1017 904 1076 943 hic
1093 904 1176 952 siet,

213 960 265 996 Tu
283 969 432 1009 quoque
451 971 628 1011 perparce
646 962 817 1000 nimium.
839 966 920 1001 Non
938 963 1064 1002 laudo.

777 1032 877 1060 suro.

1082 1083 1192 1120 Tace.

404 1172 407 1176 ,
757 1150 891 1179 navus.
909 1176 912 1180 .

211 1193 413 1234 commovi.

777 1268 876 1296 smo.

441 1315 516 1362 Ego
532 1318 645 1362 istaec,
663 1319 762 1353 recte
779 1316 943 1363 otnant,
960 1316 1100 1355 videro.

211 1370 392 1415 Quidnam
411 1371 482 1410 hoc
497 1372 550 1410 rei
571 1376 654 1412 est?
672 1374 768 1420 Quid
788 1374 846 1413 hic
863 1376 940 1413 volt
956 1380 1141 1414 veterator
1159 1375 1258 1414 sibi?

211 1430 302 1467 Nam
321 1430 351 1467 si
367 1430 426 1468 hic
445 1431 568 1473 malist
584 1432 796 1482 quicquam,
819 1434 905 1472 hem
924 1434 1000 1473 iilic
1021 1440 1077 1473 est
1097 1435 1184 1473 huic
1202 1435 1254 1473 rei
1273 1439 1397 1484 caput.
1435 1471 1439 1477 ,

651 1666 861 1717 ACTUS
902 1670 993 1718 III.

697 1787 882 1827 SCENA
921 1789 956 1828 1.

445 1867 609 1908 MY81S,
643 1870 778 1911 smo,
810 1873 983 1914 nAvus,
1016 1874 1206 1911 Lusum.

695 1982 698 1986 ·
766 1969 887 1995 ms1s.

209 2012 259 2048 lta
277 2010 341 2059 pol
359 2011 510 2060 quidem
531 2023 590 2051 res
607 2019 677 2063 est,
698 2020 738 2053 ut
755 2002 870 2060 dixu(
884 2017 1010 2055 Lesbia
1030 2031 1039 2055 :
1074 2060 1077 2063 ,
1117 2050 1122 2056 .

209 2068 370 2107 Fidelem
385 2069 486 2108 haud
505 2070 622 2127 ferme
639 2073 787 2112 mulieri
806 2075 971 2113 invenias
992 2075 1122 2114 virum.

206 2186 260 2224 Ab
276 2185 449 2226 Andriast
463 2188 597 2227 ancilla
617 2190 709 2230 haec.
770 2144 867 2172 ³1⁸0·

241 2278 267 2304 1.
282 2277 349 2305 Pron
361 2278 397 2306 de
408 2277 483 2308 deux
495 2282 575 2307 cents
587 2280 693 2309 trano.
