1624 2632
226 196 297 234 388
513 199 758 235 HEAUTON
789 199 1177 237 TIMORUMENOS.

783 289 911 317 snus.

1287 339 1330 375 Ut
1347 336 1463 376 lubet.

229 396 309 432 Non
331 404 398 442 ego
418 393 604 439 dicebam,
626 395 663 434 in
687 401 910 445 perpetuum
929 396 1033 434 illam
1053 395 1109 434 ilii
1129 400 1170 433 ut
1191 395 1323 435 dares:

228 454 364 499 Verum
385 457 426 491 ut
444 453 650 493 simulares.

758 525 936 552 cunnus.

666 575 744 611 Non
765 578 884 611 meast
906 572 1106 611 simulatio.

230 627 281 666 i'ta
300 632 340 667 tu
359 628 458 668 istaec
476 634 540 668 tua
561 630 728 676 misceto,
750 642 796 669 ne
814 642 874 669 me
890 632 1107 669 admiscens.

229 690 302 736 Ego
321 688 380 726 cui
396 689 550 728 daturus
570 701 642 729 non
662 701 759 738 sum,
780 695 821 728 ut
842 691 876 728 ei
899 690 1182 740 despondeam?

781 761 911 788 snus.

229 807 445 846 Credebam.

757 879 935 906 canens.

465 926 626 964 Minime.

776 996 903 1023 smus.

642 1043 738 1082 Scite
757 1048 904 1092 poterat
922 1043 1001 1081 fieri
1019 1056 1030 1082 z

229 1102 272 1137 Et
291 1110 360 1148 ego
381 1100 467 1146 hoc,
484 1101 571 1150 quia
584 1102 725 1139 dudum
744 1106 783 1139 tu
804 1107 996 1150 tantopere
1011 1103 1192 1150 jusseras,

229 1160 279 1195 Eo
298 1159 404 1207 coepi.

757 1211 934 1257 canemus.

430 1276 562 1316 Credo.

780 1348 910 1375 snus.

582 1397 754 1434 Ceterum
773 1395 946 1444 equidem
968 1396 1075 1443 istuc,
1094 1396 1268 1444 Chreme,

229 1453 336 1501 AEqui
354 1453 518 1503 bonique
536 1454 645 1492 facio.

755 1524 933 1551 caumes.

665 1572 773 1620 Atqui
797 1582 1087 1620 quummaxume

230 1629 321 1667 Volo
340 1633 377 1667 te
392 1629 481 1667 dare
500 1640 654 1679 operam
670 1634 711 1668 ut
730 1631 807 1676 fiat,
823 1641 949 1668 verum
969 1629 1042 1667 alia
1059 1630 1129 1668 via.

781 1701 908 1727 smus.

230 1748 321 1786 F-iat.
340 1749 533 1793 Quaeratur
548 1747 663 1785 aliud.
683 1747 756 1786 Sed
772 1747 866 1785 illud
883 1747 986 1796 quod
1003 1747 1070 1785 tibi

231 1806 307 1844 Dixi
327 1807 373 1844 de
389 1810 558 1854 argento,
579 1806 681 1855 quod
701 1806 771 1844 ista
794 1806 907 1844 dehet
924 1805 1107 1850 Bacchidi,

231 1866 271 1903 ld
287 1876 383 1903 nunc
399 1864 666 1904 reddendumst
682 1865 735 1903 illi
751 1878 761 1904 ε
778 1876 898 1914 neque
915 1870 953 1902 tu
974 1864 1111 1902 scilicet

172 1942 174 1946 ·
232 1926 282 1961 Eo
301 1935 397 1962 nunc
416 1923 630 1972 confugies:
651 1924 747 1969 Quid
767 1925 872 1962 mea?
891 1917 986 1961 Num
1004 1923 1095 1960 mihi
1113 1924 1302 1961 datumst?

231 1986 324 2021 Num
338 1983 455 2031 jussi?
469 1986 565 2021 Num
586 1982 650 2020 illa
666 1982 909 2032 oppignerare
926 1982 1039 2019 liliam

231 2044 348 2080 Meam
367 2052 426 2080 me
443 2042 556 2080 invito
576 2041 720 2091 potuit?
734 2044 869 2079 Verum
889 2040 996 2087 illud,
1014 2041 1183 2086 Chreme,

233 2101 363 2139 Dicunt
382 2114 392 2139 ι
411 2103 473 2139 Jus
488 2111 676 2139 summum
693 2111 791 2150 saepe
810 2110 955 2137 summa
974 2102 1031 2138 est
1049 2098 1203 2137 malitia.

760 2228 936 2257 canamus.

233 2278 335 2317 Haud
355 2277 500 2315 faciam.
