1624 2632
229 187 299 223 284
516 184 758 222 HEAUTON
790 179 1184 220 TIMORUMENOS.

229 269 413 305 Novarum
433 267 495 315 qui
512 265 701 315 spectandi
721 264 860 303 faciunt
881 262 1026 312 copiam

230 325 314 363 Sine
332 325 441 363 vitiis.
464 328 516 364 Ne
537 325 600 363 ille
617 335 685 374 pro
705 335 744 363 se
761 323 901 361 dictum
922 320 1132 367 existumet,

230 383 299 429 Qui
318 394 435 433 nuper
455 384 541 422 fecit
559 393 665 421 servo
682 381 844 420 currenti
865 380 901 418 in
916 380 974 417 via

230 445 382 482 Decesse
402 443 594 492 populum.
612 444 685 480 Cur
706 442 837 479 insano
858 440 1021 478 serviat?

231 505 279 540 De
296 502 396 540 illius
413 501 573 552 peccatis
593 501 702 549 plura
715 501 825 543 dicet,
847 509 962 548 quum
982 497 1084 535 dabit

230 560 329 599 Alias
349 572 480 607 novas,
501 560 571 598 nisi
593 559 706 597 finem
722 557 929 596 maledictis
945 555 1043 593 facit.

231 619 363 657 Adeste
382 629 488 668 aequo
506 618 652 666 anim03
674 617 760 655 date
777 620 998 665 potestatem
1015 612 1118 654 mih1.

230 677 424 716 Statariam
446 687 554 726 agere
571 681 612 714 ut
627 675 738 714 liceat
753 686 821 725 per
839 674 1024 713 silentium
1039 686 1048 714 ς

230 740 281 775 Ne
302 748 447 786 semper
461 747 588 775 servus
604 746 773 782 currens,
793 735 909 772 iratus
927 744 1050 776 senex,

230 796 327 834 Edax
347 796 544 845 parasitus,
560 794 788 844 sycophanta
805 797 929 831 autem
951 790 1159 840 impudens,

230 859 368 892 Avarus
383 854 484 902 leno,
502 853 660 893 adsidue
680 851 813 901 agendi
834 852 908 889 sint
928 850 1019 887 mihi

230 913 400 951 Clamore
415 923 576 960 summo,
595 923 681 950 cum
699 905 826 949 labore
847 919 1031 947 maxumo.

230 974 311 1010 Mea
329 983 440 1011 causa
458 981 608 1010 causam
626 970 722 1008 hanc
732 969 873 1018 justam
890 978 971 1006 esse
991 966 1156 1004 animum
1175 963 1353 1008 inducite,

231 1033 276 1068 Ut
294 1031 418 1080 aliqua
436 1041 523 1080 pars
540 1028 681 1068 laboris
695 1027 883 1066 minuatur
901 1025 1006 1063 mihi.

230 1092 321 1128 Nam
341 1101 438 1128 nune
456 1100 570 1127 novas
585 1089 648 1137 qui
669 1086 849 1133 scribunt,
867 1085 918 1123 nil
938 1087 1093 1132 parcunt
1111 1082 1191 1120 seni
1212 1094 1221 1118 ε

231 1150 266 1188 Si
288 1161 369 1199 quae
388 1150 574 1188 laboriosa
593 1153 663 1196 est,
683 1148 730 1186 ad
747 1157 807 1185 me
826 1145 989 1184 curritur
1010 1157 1019 1182 ε

231 1209 268 1247 Si
281 1209 374 1247 lenis
387 1214 455 1254 est,
479 1209 526 1246 ad
547 1208 662 1246 alium
682 1206 850 1244 defertur
871 1214 1035 1253 gregem.

232 1269 269 1304 ln
287 1267 358 1306 bac
375 1273 430 1306 est
446 1278 539 1316 pura
553 1266 686 1304 oratio.
708 1263 948 1313 Experimini,

232 1328 270 1363 ln
287 1331 481 1374 utramque
500 1329 645 1374 partem
665 1322 855 1371 ingenium
875 1320 965 1369 quid
984 1318 1098 1368 possit
1114 1327 1250 1356 meum.

233 1385 268 1423 Si
286 1395 490 1434 numquam
507 1394 615 1421 avare
633 1382 794 1432 pretium
813 1379 923 1418 statui
940 1378 1010 1417 arti
1028 1388 1134 1424 meae,

233 1446 276 1481 Et
294 1454 380 1481 eum
400 1453 479 1481 esse
499 1445 680 1490 quaestum
699 1440 736 1478 in
757 1438 919 1477 animum
935 1436 1062 1475 induxi
1080 1444 1307 1481 maxumum,

232 1504 348 1547 Quam
368 1511 538 1539 maxume
553 1500 690 1539 servire
709 1497 842 1536 vostris
857 1495 1085 1535 commodis:

234 1561 450 1611 Exemplum
464 1560 612 1598 statuite
632 1560 668 1598 in
686 1570 761 1606 me,
783 1562 825 1596 ut
844 1554 1111 1595 adulescentuli

233 1621 343 1659 Vobis
361 1621 508 1670 placere
525 1619 696 1658 studeant
713 1617 835 1667 potius
852 1626 964 1665 quam
984 1613 1067 1653 sibi.

270 1784 296 1811 1.
317 1782 442 1810 Allusion
455 1782 472 1809 ὲ
490 1788 544 1809 unc
555 1779 680 1808 comedie
693 1779 798 1815 pei-due
810 1778 844 1805 de
858 1775 974 1805 Luscius
986 1775 1128 1804 Lavinius.

270 1826 298 1852 2.
307 1827 370 1852 'Les
387 1823 484 1851 Latius
496 1821 659 1857 appelaient
676 1820 819 1848 statarioe
832 1819 873 1846 les
884 1818 976 1854 pieces
988 1816 1036 1854 qui
1052 1816 1165 1844 avaient
1184 1824 1239 1853 peu
1256 1815 1375 1844 d’nction
1387 1819 1416 1843 et
1426 1815 1463 1844 dn

235 1868 424 1899 mouvement,
436 1872 488 1902 par
502 1861 660 1900 opposition
673 1869 727 1889 aux
743 1861 837 1898 pieceo
852 1860 926 1888 dites
939 1859 1091 1894 motoria,
1101 1857 1171 1886 dont
1183 1857 1295 1886 l’actiou
1307 1857 1375 1885 e'tait
1387 1856 1462 1892 vive,
