1586 2658
190 192 261 229 ¹56
531 197 535 201 ·
663 177 680 181 “’
704 187 916 226 Annam.
963 179 975 183 ”
992 175 1004 184 “

738 277 871 306 nnus,

1117 324 1255 363 Nan-as
1272 318 1407 371 probe.

702 393 923 423 unvanus.

191 448 267 485 Nec
282 455 390 484 mora
403 443 483 483 ulla
496 447 567 487 est,
583 442 675 493 quin
694 452 778 481 eam
799 451 950 480 uxorem
969 439 1117 479 ducam.

289 505 295 507 ’
714 510 909 539 emmaus.

1073 560 1170 596 Num
1184 555 1251 596 >ille
1272 553 1430 595 somniet

191 623 242 660 Ea
261 631 345 671 quae
357 619 513 670 vigilans
526 618 669 658 voluit?

703 687 922 716 nummus.

675 738 781 774 ‘Tum
800 734 847 772 de
866 744 996 783 puero,
1018 735 1186 772 Dave‘I...

742 804 876 832 nnus.

1161 851 1219 890 Ah
1237 850 1365 890 desine
1382 863 1395 890 z

190 915 297 954 Solus
312 919 368 954 est
383 924 495 965 quem
512 913 672 963 diligunt
687 913 742 951 Di.

713 982 909 1017 muamus.

736 1029 863 1069 salvus
881 1039 978 1076 sum,
994 1028 1027 1067 si
1046 1028 1125 1067 haec
1142 1038 1231 1066 vera
1245 1031 1347 1066 sunt.

191 1092 417 1141 Conloquar.

698 1156 919 1186 mutunus.

379 1206 469 1253 Quis
482 1205 658 1244 homost?
673 1205 846 1252 Charine,
862 1202 899 1241 in
918 1206 1087 1253 tempore
1103 1202 1186 1253 ipso
1199 1201 1252 1241 mi
1265 1200 1428 1240 advenis.

710 1273 907 1302 cuminus.

191 1327 285 1363 Bene
307 1324 460 1362 sactum.

699 1391 921 1419 nummus.

421 1439 599 1480 Audisti?

711 1508 906 1536 emamus.

567 1556 711 1596 Omnia.
731 1560 828 1605 Age,
849 1567 910 1595 me
928 1555 966 1593 in
984 1554 1059 1594 tuis
1080 1554 1253 1594 secundis
1270 1553 1430 1603 respice.

188 1623 287 1658 Tuus
296 1621 353 1657 est
364 1628 463 1657 nunc
475 1616 653 1656 Chremes
667 1628 678 1654 z
694 1615 878 1654 facturum
893 1625 976 1664 quae
991 1613 1093 1653 voles
1105 1613 1181 1652 scio
1193 1623 1276 1652 esse
1289 1612 1430 1651 omniu

697 1744 920 1772 23ququ-

127 1817 130 1820 <
190 1796 356 1836 Memini:
365 1799 476 1844 atque
486 1793 582 1832 adeo
592 1792 780 1841 longumst
789 1802 857 1830 nos
870 1791 976 1830 illum
985 1794 1199 1841 exspectare
1207 1789 1298 1828 dum
1307 1794 1427 1828 exeat.

189 1859 350 1905 Sequere
368 1854 437 1892 hae
459 1863 534 1891 me.
553 1854 654 1891 Intus
674 1850 774 1900 apud
789 1850 996 1900 Glycerium
1015 1861 1114 1889 nunc
1136 1854 1206 1888 est.
1224 1851 1294 1896 Tu,
1313 1850 1430 1896 Dave,

236 1915 297 1953 abi
318 1913 471 1952 domum
490 1925 500 1950 ε

189 1977 369 2022 Propera,
397 1981 543 2011 accerse
568 1969 655 2008 hinc
678 1968 744 2018 qui
768 1969 940 2007 auferant
962 1979 1058 2007 eam.
1082 1966 1179 2015 Quid
1203 1968 1305 2005 stas?
1331 1965 1429 2013 Quid

233 2033 380 2072 cessas?
1128 2023 1134 2031 '

738 2097 870 2126 nnus.

401 2150 466 2187 Eo.
1176 2170 1178 2172 >

186 2212 239 2251 Ne
257 2207 475 2259 exspectetis
490 2207 580 2244 dum
599 2211 731 2245 exeant
752 2207 823 2245 huc
841 2219 851 2244 :
870 2206 969 2243 intus
982 2204 1275 2254 despondebitur
1290 2217 1306 2245 ι

186 2273 287 2310 lutus
303 2267 540 2316 transigetur,
563 2265 594 2304 si
611 2266 702 2315 quid
725 2270 781 2305 est
798 2264 898 2315 quod
919 2269 1047 2302 restet.
1068 2264 1249 2304 Plaudite.
