1586 2658
192 209 262 245 152
651 234 657 238 -
702 212 913 253 ANDRIA.

761 303 863 333 sino.

1191 350 1346 390 vinetus·
1360 355 1430 390 ent.

701 419 922 447 nummus.

194 466 316 512 pates,
336 474 412 503 non
426 469 526 505 reete
544 464 719 506 vinctust.

769 537 870 565 sum.

735 588 780 623 At
798 584 851 623 ita
863 584 972 634 jussi.

702 653 925 682 nummus.

931 719 933 724 v
989 700 1083 741 Jube
1101 700 1209 750 solvi,
1227 701 1391 741 obsecro.

763 771 863 800 snm.

195 818 269 863 Age
292 816 367 855 fiat.

707 889 926 917 nummus·

385 938 431 973 At
447 938 609 977 matura.

764 1007 862 1034 smo-

622 1056 674 1092 Eo
694 1054 807 1093 intro.

705 1125 925 1153 PAquLUS.

834 1175 864 1212 0
883 1173 1046 1212 faustum
1062 1177 1102 1212 et
1118 1173 1266 1213 felicem
1284 1172 1403 1211 diem!

680 1282 868 1323 SCENA
903 1283 952 1323 V.

517 1379 783 1420 CHARINUS,
810 1380 1105 1414 PAMPHILUS.

715 1474 913 1502 emamus.

197 1520 345 1560 Proviso
364 1521 456 1570 quid
473 1525 558 1571 agat
570 1522 801 1572 Pamphilus.
819 1526 939 1572 Atque
956 1533 1098 1562 eccum.

706 1593 927 1620 nummus.

948 1639 1093 1689 Aliquis
1110 1639 1234 1678 forsan
1251 1649 1313 1677 me
1327 1642 1433 1688 putet

196 1702 274 1737 Non
286 1702 417 1748 putare
427 1698 500 1738 hoc
507 1709 635 1738 verum
648 1703 706 1738 :at
715 1699 807 1737 mihi
818 1710 916 1738 nunc
929 1699 982 1739 sic
990 1709 1072 1737 esse
1081 1698 1156 1737 hoc
1164 1708 1291 1736 verum
1301 1697 1432 1747 liquet.

195 1760 270 1806 Ego
290 1760 406 1795 Deum
426 1757 538 1796 vitam
556 1762 755 1807 propterea
780 1758 1045 1807 sempiternam
1065 1767 1147 1796 esse
1162 1757 1337 1801 arbitror,

196 1815 301 1862 Quod
318 1816 526 1866 voluptates
545 1827 675 1855 eorum
696 1818 859 1866 propriae
870 1821 980 1856 sunt:
998 1827 1084 1855 nam
1104 1815 1157 1854 mi
1174 1814 1434 1854 immortalitas

197 1877 353 1924 Partast‚
371 1876 402 1914 si
417 1875 521 1913 nulla
533 1875 715 1925 aegritudo
733 1876 819 1914 huic
833 1875 968 1924 gaudio
979 1875 1242 1914 intercesserit.

196 1934 268 1973 Sed
281 1945 474 1984 quem-ego
486 1934 581 1973 mihi
594 1934 827 1984 potissimum
841 1939 968 1984 optem
983 1945 1095 1983 nunc,
1108 1933 1169 1973 cui
1180 1934 1259 1973 haec
1269 1943 1433 1976 narrem·

243 1993 325 2031 dari
335 1995 355 2031 ἵ

719 2063 911 2093 cuminus.

196 2110 292 2157 Quid
307 2110 403 2149 illud
417 2110 531 2160 gaudi
547 2112 631 2149 est?

703 2181 924 2209 nummus.

452 2233 590 2281 Davum
606 2231 728 2270 video.
746 2234 911 2278 Nemost,
926 2241 1039 2279 quem
1058 2229 1225 2278 mallem,
1238 2241 1406 2270 omnium
1419 2243 1433 2270 :

197 2291 289 2328 Nam
305 2289 404 2328 hunc
418 2288 493 2328 scio
512 2300 597 2328 mea
615 2290 733 2328 solide
752 2290 874 2328 solum
893 2290 1105 2339 gavisurum
1119 2290 1266 2339 gaudia.
