1586 2658
242 229 313 268 {08
756 224 966 264 ANDRIA.

770 315 964 345 nummus.

1322 356 1362 398 Si
1378 356 1484 408 quid.

242 427 351 467 Domi
366 436 445 466 ero.

291 507 308 510 »
717 481 906 523 SCENA
933 479 1014 520 111.

687 581 859 626 DAvus,
884 578 1048 614 MYSls.

795 677 930 706 nnus.

461 731 516 770 Tu
527 757 541 778 ‚
559 727 689 780 Mysis,
704 727 796 766 dum
817 736 928 773 exeo,
946 733 1148 775 parumper
1166 718 1425 773 opperirehic·

807 796 930 824 arms.

249 849 510 898 Quapropter?

800 912 934 942 nnus„

525 966 579 1003 lta
593 962 729 1003 factost
747 973 854 1013 opus.

809 1030 932 1059 arms,

875 1081 1033 1118 Matura.

802 1149 938 1178 nnus.

1026 1199 1106 1236 Jam
1118 1196 1271 1247 inquam
1288 1193 1350 1234 hic
1360 1193 1488 1234 adero.

727 1297 912 1337 SCENA
945 1297 1019 1337 IV.

792 1391 958 1425 MYSIS.

813 1491 936 1519 nffls.

257 1542 402 1582 Nihilne
421 1551 503 1580 esse
520 1539 713 1590 proprium
728 1540 927 1588 cuiquam?
946 1539 1004 1587 Di,
1018 1542 1182 1577 vostram
1198 1537 1314 1576 fidem
1332 1551 1346 1577 ε

188 1608 193 1613 ”
259 1605 452 1641 Summum
472 1601 609 1638 bonum
629 1609 709 1637 esse
722 1599 823 1636 herae
839 1598 963 1647 putavi
979 1598 1079 1636 hunc
1094 1598 1354 1647 Pamphilum,

260 1661 447 1704 Amicum,
472 1662 676 1697 amatorem
689 1687 698 1701 ,
718 1657 860 1702 virum,
880 1658 919 1695 in
938 1657 1068 1706 quovis
1084 1657 1167 1695 loco

261 1723 435 1758 Paratum
456 1731 466 1756 ε
487 1728 615 1756 verum
631 1728 675 1755 ex
694 1727 740 1755 eo
759 1727 858 1755 nunc
876 1716 1015 1755 misera
1031 1726 1144 1765 quem
1165 1715 1264 1763 capit

262 1776 462 1816 Laborem!
483 1776 605 1815 Facile
623 1775 684 1813 hic
704 1776 789 1824 plus
805 1775 895 1813 mali
914 1781 991 1823 est,
1009 1785 1122 1823 quam
1140 1774 1217 1812 illic
1234 1773 1338 1812 boni.

262 1837 336 1876 Sed
353 1839 472 1874 Davus
491 1835 580 1874 exit.
594 1834 644 1872 Mi
657 1834 771 1872 homo
784 1864 794 1879 ,
812 1834 903 1883 quid
922 1835 1016 1872 istuc
1035 1834 1251 1872 obsecrost?

262 1897 342 1942 Quo
361 1898 489 1945 portas
505 1903 665 1945 puerum
675 1895 695 1931 ἳ

751 2009 938 2049 SCENA
964 2008 1015 2050 V.

708 2103 875 2144 nAvus,
900 2103 1063 2139 rursm.

819 2204 951 2232 DAVUS.

718 2252 828 2301 Mysis
841 2282 854 2299 ‚
873 2263 972 2290 nunc
990 2263 1084 2302 opus
1098 2257 1156 2292 est
1166 2257 1231 2292 tua

269 2313 357 2354 Mihi
375 2312 422 2351 ad
441 2312 536 2351 hanc
547 2322 629 2351 rem
648 2317 868 2361 exprompta
886 2311 1029 2351 malitia
1044 2317 1158 2362 atque
1174 2312 1325 2352 astutia.
