1624 2632
277 246 347 283 260
781 251 1001 288 RECYRA.

747 392 934 432 SCENA
962 393 1039 433 111.

643 507 891 550 PARMENO,
924 509 1144 545 BAccms.
1210 507 1213 510 ’

277 677 416 727 Edepol
436 690 492 718 nae
508 690 630 718 meam
650 681 764 720 herus
782 635 1033 732 &xxm
1048 681 1321 732 deputat‘parvi
1340 681 1436 730 preti
1443 695 1455 729 ;

277 738 344 783 Qui
365 738 412 776 ob
429 749 508 777 rem
525 739 667 778 nullam
683 741 798 790 misit,
812 742 949 781 frustra
965 742 1028 781 ubi
1042 747 1162 781 totum
1181 741 1309 780 desedi
1324 740 1439 784 diem,

277 798 481 894 Mysonium
522 798 708 848 hospitem
751 799 841 838 dum
885 806 1056 851 exspecto
1098 801 1137 839 id
1179 811 1263 840 arce
1304 798 1514 838 Callidemi-

350 868 423 895 em.

279 922 402 970 ltaque
422 925 569 970 meptus
583 921 697 960 hodie
715 923 805 961 dum
818 923 873 961 illi
889 925 1013 968 sedeo,
1037 929 1078 963 ut
1096 923 1254 973 quisque
1270 928 1435 966 venerat,

279 980 506 1019 Accedebam
524 993 534 1018 :
554 980 783 1029 adulescens,
800 981 951 1021 dicdum
966 993 1104 1032 quaeso,
1127 993 1168 1021 es
1186 987 1226 1020 tu
1240 982 1454 1031 Myconius?

277 1040 354 1135 Nolu
371 1049 466 1077 sum.
487 1042 533 1078 At
548 1039 832 1079 Callidemides?
847 1044 941 1080 Non.
958 1042 1150 1092 Hospitem
1165 1051 1320 1090 ecquem
1340 1039 1515 1089 Pamphi-

279 1109 507 1196 Hicmllilabes‘?
533 1160 669 1197 Omnes
690 1159 904 1208 negabant:
925 1170 1047 1209 neque
1075 1171 1160 1198 eum
1190 1169 1417 1209 quemquam
1433 1168 1514 1196 aese

278 1217 590 1325 Dessiriglggolliercle
605 1276 685 1326 jam
705 1276 872 1326 pudebat
890 1277 1001 1316 zeibil.
1023 1277 1095 1315 Sed
1115 1277 1205 1326 quid
1218 1276 1437 1314 Bacchidem

278 1336 332 1374 Ab
348 1339 474 1374 nostro
493 1335 615 1374 adfine
632 1340 828 1375 exeuntem
845 1336 979 1374 video?
995 1336 1092 1382 Quid
1110 1336 1195 1374 huic
1207 1336 1270 1374 hic
1285 1341 1344 1374 est
1362 1336 1444 1374 rei?

908 1407 945 1432 111
970 1423 979 1431 .

280 1458 475 1503 parmene,
494 1460 703 1505 opportune
717 1460 754 1494 te
768 1407 1065 1505 οΠξῗ-ζῗρῐῐρθῐθ
1081 1467 1190 1495 curre
1201 1455 1249 1494 ad
1264 1454 1511 1504 Pamphilum.

804 1585 993 1613 nummo.

239 1636 243 1642 “
280 1635 375 1679 Quid
393 1634 465 1672 eo?

817 1703 980 1731 mccms.

448 1753 512 1792 Dic
524 1763 584 1791 me
602 1762 726 1800 orare,
741 1756 783 1790 ut
795 1751 931 1790 veniat.

809 1822 995 1849 nunno.

898 1869 952 1907 Ad
969 1870 1033 1907 te?

817 1938 979 1966 mccms.
1012 1931 1015 1934 ·

1051 1989 1167 2025 Immo
1183 1987 1231 2025 ad
1246 1987 1516 2027 Philumenam.

808 2057 995 2084 nunno.
1528 2051 1532 2053 ·

285 2105 380 2153 Quid
395 2105 451 2145 rei
466 2107 549 2144 est?

820 2173 984 2201 mccms.

572 2224 649 2260 Tua
667 2222 769 2271 quod
787 2221 840 2260 nil
857 2222 988 2269 refert,
1001 2221 1212 2271 percontari
1228 2220 1387 2261 desinas.

814 2292 1000 2320 nunno.

289 2341 347 2380 Nil
365 2338 466 2378 aliud
481 2338 626 2377 dicam?
