1624 2632
287 248 356 284 ⁴02
568 248 810 287 HEAUTON
840 250 1231 290 TlMORUMENOS.

747 492 954 541 ACTUS
994 492 1051 542 V.

773 637 836 677 SC
849 638 958 677 ENA
991 637 1024 678 1.

599 749 920 790 MENEDEMUS,
949 749 1191 785 CHREMES.

784 866 1011 893 amnonius.

282 916 357 962 Ego
367 924 427 951 me
440 924 512 951 non
527 917 603 950 tam
617 918 778 951 astutum
795 925 917 962 neque
933 914 983 952 ita
995 913 1245 963 perspicacem
1258 924 1355 961 esse,
1365 913 1403 952 id
1417 914 1513 953 scio:

281 972 352 1010 Sed
370 972 429 1010 hic
444 972 591 1020 adjutor
606 982 709 1010 meus
725 976 762 1009 et
780 973 940 1011 monitor
957 978 994 1011 et
1013 976 1313 1022 praemonstrator
1324 973 1513 1021 Chremes,

282 1034 354 1070 Hoc
374 1031 466 1068 mihi
485 1035 635 1080 praestat
652 1043 662 1069 :
685 1031 723 1068 in
739 1042 798 1068 me
814 1024 961 1079 quidvis
982 1031 1115 1070 harum
1132 1042 1256 1070 rerum
1272 1033 1455 1077 convenit,

281 1092 369 1136 Quae
384 1094 470 1128 sunt
481 1089 578 1128 dicta
591 1090 629 1128 in
645 1090 813 1137 stultum,
828 1091 981 1135 caudex,
997 1091 1124 1140 stipes,
1139 1091 1279 1139 asinus,
1294 1091 1512 1141 plumbeus:

281 1151 321 1187 In
338 1148 444 1187 illum
460 1148 510 1187 nil
531 1153 656 1198 potest
678 1162 687 1187 :
710 1155 907 1198 exsuperat
923 1150 1004 1199 ejus
1018 1149 1177 1188 stultitia
1195 1149 1272 1189 haec
1289 1150 1427 1189 omnia.

809 1279 987 1306 caumes.

280 1325 374 1374 Ohe,
387 1325 468 1375 jam
485 1325 610 1365 desine
624 1326 713 1365 deos
732 1337 824 1364 uxor
842 1326 1063 1375 gratulando
1079 1327 1299 1375 obtundere,

280 1387 396 1423 Tuam
417 1395 498 1423 esse
519 1383 704 1423 inventam
732 1390 882 1434 gnatam
899 1399 908 1423 ε
926 1385 998 1424 nisi
1018 1385 1103 1424 illos
1121 1397 1163 1424 ex
1186 1390 1251 1424 tuo
1276 1386 1426 1435 ingemo
1453 1376 1519 1436 ‘iu-¹

327 1443 366 1482 di
388 1456 409 1482 a

280 1504 326 1541 Ut
340 1455 392 1541 nii
407 1456 538 1542 {ti-edas
557 1503 788 1552 intellegere,
807 1503 878 1542 nisi
893 1503 993 1543 idem
1013 1504 1189 1544 dictumst
1203 1505 1354 1544 centies.

281 1562 352 1600 Sed
373 1562 522 1601 interim
540 1563 632 1613 quid
649 1563 725 1602 illic
736 1563 959 1612 ,iamdudum
981 1568 1113 1612 gnatus
1127 1568 1246 1603 cessat
1264 1575 1347 1602 eum
1366 1566 1483 1614 Syro?

782 1692 1010 1720 nannenus.

280 1741 377 1785 Quos
392 1739 445 1778 ais
459 1739 626 1778 homines
637 1742 806 1778 cessare?

810 1809 988 1838 canemus.
1344 1829 1351 1834 .

692 1857 823 1905 Ehem,
842 1869 908 1906 per
926 1863 1084 1907 tempus,
1103 1858 1329 1904 Menedeme,
1348 1858 1510 1898 advenis.

281 1917 345 1956 Dic
364 1916 471 1965 mihi,
491 1916 619 1956 Cliniae
637 1927 720 1966 quae
739 1917 813 1955 dixi
833 1918 1062 1956 nuntiastin‘?

782 1988 1012 2016 ussussnssuus.

1084 2036 1228 2075 omnia.

808 2104 987 2133 canemus.

281 2150 375 2199 Qu‘d
396 2151 474 2191 ait?

781 2221 1009 2256 nummus.

491 2268 658 2308 Gaudere
675 2269 769 2307 adeo
789 2271 914 2320 coepit‚
935 2269 1040 2323 quasi
1060 2269 1123 2318 qui
1143 2269 1295 2319 cupiunt
1315 2276 1476 2319 nuptias.

1617 1350 1624 1427 i

1619 1450 1624 1472 ι

1618 1488 1624 1540 Ξ

1616 1562 1624 1590 i
