1624 2632
213 200 282 237 266
599 210 618 241 ,·
718 198 937 235 ΗΕΟΥΒΑ.

719 287 937 314 nummus.
985 312 989 318 ,

365 333 424 372 Sic
440 338 475 372 te
489 332 624 373 dixisse
645 335 794 383 opinor,
813 335 992 374 invenisse
1011 333 1234 383 Myrrhinam

219 393 435 432 Bacchidem
455 393 607 432 anulum
623 404 729 432 suum
747 393 899 431 habere.

741 462 926 491 numm.

855 510 1018 550 Factum.

726 578 944 608 unvanus.
1159 618 1166 624 ·

945 630 1036 666 Eum
1054 634 1164 677 quem
1178 628 1268 667 olim
1286 630 1321 667 ei
1340 629 1451 668 dedi:

223 689 346 735 anue
365 687 438 726 hoc
457 691 494 726 te
510 685 604 726 mihi
621 687 794 725 nuntiare
808 686 931 734 jussit.
953 689 1052 725 Itane
1072 692 1130 725 est
1147 687 1312 726 sactum?

742 755 929 783 PARuENo.
1244 785 1251 789 ,

1219 806 1271 842 lta
1291 806 1452 854 inquam.

729 873 946 900 nummus.

226 922 315 966 Quis
335 931 393 958 me
414 924 469 958 est
487 920 736 958 fortunatior?
756 920 1026 970 venustatisque
1042 921 1134 959 adeo
1151 922 1321 970 plenior?

229 982 349 1027 Egone
370 983 406 1017 te
424 988 492 1028 pro
512 979 583 1017 hoc
604 978 733 1016 nuntio
752 978 841 1027 quid
860 978 1019 1016 donem?
1038 979 1162 1025 Quid?
1179 980 1296 1028 quid?
1312 980 1455 1020 Nescio.

749 1106 935 1133 mammo.

229 1158 275 1208 ᾼῐ
290 1165 359 1203 ego
376 1165 466 1192 scio.

238 1212 240 1217 ’
733 1223 951 1251 ammaus.

490 1271 586 1317 Quid
595 1273 614 1308 ἱ)

750 1342 936 1369 rAnuano.

633 1389 729 1428 Nihil
747 1388 846 1427 enim
870 1402 880 1427 z

233 1453 324 1488 Nam
337 1460 458 1498 neque
472 1449 509 1486 in
526 1448 655 1486 nuntio
670 1447 788 1496 neque
806 1448 842 1485 in
858 1458 916 1486 me
927 1447 1008 1497 ipso
1022 1448 1090 1487 tibi
1107 1449 1196 1488 honi
1211 1451 1302 1500 quid
1313 1452 1360 1489 sit
1370 1451 1461 1491 scio.

736 1518 954 1545 nummus.

235 1564 333 1614 EgOn
347 1570 398 1609 te,
411 1565 474 1614 qui
487 1565 534 1603 ah
550 1567 644 1603 Orco
658 1568 848 1603 mortuum
863 1576 924 1603 me
943 1565 1120 1604 reducem
1134 1567 1171 1604 in
1186 1567 1307 1605 lucem
1321 1567 1464 1617 feceris,

234 1626 358 1663 Sinam
377 1624 455 1661 sine
476 1634 628 1661 munere
648 1634 670 1660 a
690 1633 749 1661 me
769 1623 896 1662 abire?
914 1623 993 1662 Ah!
1022 1623 1179 1662 nimium
1202 1636 1263 1664 me
1282 1625 1465 1676 ingratum

282 1688 399 1732 putas.

235 1741 306 1780 Sed
326 1740 545 1779 Bacchidem
563 1735 687 1778 eccam
708 1740 815 1779 video
834 1746 932 1779 stare
954 1746 1039 1780 ante
1055 1741 1220 1781 ostium:

237 1803 291 1838 Me
307 1803 505 1849 exspectat,
525 1799 636 1837 credo
656 1812 666 1838 :
685 1799 811 1837 adibo.

734 1858 741 1866 ‘
767 1869 933 1897 mccms.

823 1918 942 1965 Salve,
960 1917 1164 1968 Pamphile.

740 1987 957 2022 nummus.
1043 1979 1048 1981 ’

238 2037 265 2073 Ο
285 2035 447 2082 Bacchis,
467 2028 489 2072 o
511 2045 595 2073 mea
614 2034 777 2079 Bacchis,
796 2035 972 2073 servatrix
991 2044 1087 2074 mea.

771 2104 935 2132 mccms.

239 2154 335 2190 Bene
351 2152 504 2199 factum,
524 2157 562 2190 et
580 2152 758 2201 volupest.

741 2221 959 2249 PAMPHILUS.

779 2270 910 2313 Factis,
932 2273 974 2307 ut
992 2269 1155 2313 credam,
1177 2270 1266 2308 facis
1284 2283 1295 2309 ε
