<?xml version="1.0" encoding="UTF-8"?>
<!DOCTYPE html PUBLIC "-//W3C//DTD XHTML 1.0 Transitional//EN"
    "http://www.w3.org/TR/xhtml1/DTD/xhtml1-transitional.dtd">
<html xmlns="http://www.w3.org/1999/xhtml" xml:lang="en" lang="en">
 <head>
  <title>
</title>
<meta http-equiv="Content-Type" content="text/html;charset=utf-8" />
  <meta name='ocr-system' content='tesseract 3.04.00' />
  <meta name='ocr-capabilities' content='ocr_page ocr_carea ocr_par ocr_line ocrx_word'/>
</head>
<body>
  <div class='ocr_page' id='page_1' title='image "./comdiesdetre01tereuoft_0362.png"; bbox 0 0 1624 2632; ppageno 0'>
   <div class='ocr_carea' id='block_1_1' title="bbox 286 226 1237 266">
    <p class='ocr_par' dir='ltr' id='par_1_1' title="bbox 286 226 1237 266">
     <span class='ocr_line' id='line_1_1' title="bbox 286 226 1237 266; baseline -0.004 -1"><span class='ocrx_word' id='word_1_1' title='bbox 286 228 356 266; x_wconf 86' lang='lat'><strong>300</strong></span> <span class='ocrx_word' id='word_1_2' title='bbox 577 226 817 264; x_wconf 79' lang='lat' dir='ltr'>HEAUTON</span> <span class='ocrx_word' id='word_1_3' title='bbox 843 226 1237 263; x_wconf 76' lang='lat' dir='ltr'><strong>TIMORUMENOS.</strong></span> 
     </span>
    </p>
   </div>
   <div class='ocr_carea' id='block_1_2' title="bbox 284 318 1525 1468">
    <p class='ocr_par' dir='ltr' id='par_1_2' title="bbox 284 318 1525 1468">
     <span class='ocr_line' id='line_1_2' title="bbox 815 318 994 345; baseline -0.006 -1"><span class='ocrx_word' id='word_1_4' title='bbox 815 318 994 345; x_wconf 76' lang='lat' dir='ltr'><strong>curirno.</strong></span> 
     </span>
     <span class='ocr_line' id='line_1_3' title="bbox 711 364 1525 414; baseline 0 -10"><span class='ocrx_word' id='word_1_5' title='bbox 711 365 989 409; x_wconf 64' lang='lat' dir='ltr'><strong>Aduenientem,</strong></span> <span class='ocrx_word' id='word_1_6' title='bbox 1010 375 1031 402; x_wconf 90' lang='lat' dir='ltr'><strong>e</strong></span> <span class='ocrx_word' id='word_1_7' title='bbox 1048 364 1131 402; x_wconf 88' lang='lat' dir='ltr'><strong>navi</strong></span> <span class='ocrx_word' id='word_1_8' title='bbox 1148 364 1413 414; x_wconf 82' lang='lat' dir='ltr'>egredientem,</span> <span class='ocrx_word' id='word_1_9' title='bbox 1428 364 1525 404; x_wconf 78' lang='lat' dir='ltr'><strong>illico</strong></span> 
     </span>
     <span class='ocr_line' id='line_1_4' title="bbox 286 422 1524 473; baseline 0.001 -11"><span class='ocrx_word' id='word_1_10' title='bbox 286 424 429 462; x_wconf 84' lang='lat' dir='ltr'><strong>Abduxi</strong></span> <span class='ocrx_word' id='word_1_11' title='bbox 449 423 495 462; x_wconf 89' lang='lat' dir='ltr'><strong>ad</strong></span> <span class='ocrx_word' id='word_1_12' title='bbox 512 435 642 463; x_wconf 87' lang='lat' dir='ltr'><strong>cenam</strong></span> <span class='ocrx_word' id='word_1_13' title='bbox 657 438 667 463; x_wconf 76' lang='grc' dir='ltr'><strong><em>ε</em></strong></span> <span class='ocrx_word' id='word_1_14' title='bbox 682 435 768 462; x_wconf 90' lang='lat' dir='ltr'><strong>nam</strong></span> <span class='ocrx_word' id='word_1_15' title='bbox 785 423 876 461; x_wconf 84' lang='lat' dir='ltr'><strong>mihi</strong></span> <span class='ocrx_word' id='word_1_16' title='bbox 895 434 1030 472; x_wconf 83' lang='lat' dir='ltr'><strong>magna</strong></span> <span class='ocrx_word' id='word_1_17' title='bbox 1041 433 1127 462; x_wconf 86' lang='lat' dir='ltr'><strong>cum</strong></span> <span class='ocrx_word' id='word_1_18' title='bbox 1145 433 1192 462; x_wconf 91' lang='lat' dir='ltr'><strong>eo</strong></span> <span class='ocrx_word' id='word_1_19' title='bbox 1205 422 1287 471; x_wconf 83' lang='lat' dir='ltr'><strong>jam</strong></span> <span class='ocrx_word' id='word_1_20' title='bbox 1304 423 1389 462; x_wconf 89' lang='lat' dir='ltr'><strong>inde</strong></span> <span class='ocrx_word' id='word_1_21' title='bbox 1410 435 1524 473; x_wconf 88' lang='lat' dir='ltr'><strong>usque</strong></span> 
     </span>
     <span class='ocr_line' id='line_1_5' title="bbox 334 482 518 532; baseline 0 -12"><span class='ocrx_word' id='word_1_22' title='bbox 334 482 518 532; x_wconf 79' lang='lat' dir='ltr'><strong>a-puertia</strong></span> 
     </span>
     <span class='ocr_line' id='line_1_6' title="bbox 286 539 800 590; baseline 0 -12"><span class='ocrx_word' id='word_1_23' title='bbox 286 540 369 580; x_wconf 88' lang='lat' dir='ltr'><strong>Fuit</strong></span> <span class='ocrx_word' id='word_1_24' title='bbox 387 551 535 590; x_wconf 84' lang='lat' dir='ltr'>semper</span> <span class='ocrx_word' id='word_1_25' title='bbox 554 539 800 579; x_wconf 82' lang='lat' dir='ltr'><strong>familiaritas.</strong></span> 
     </span>
     <span class='ocr_line' id='line_1_7' title="bbox 815 609 992 636; baseline 0 0"><span class='ocrx_word' id='word_1_26' title='bbox 815 609 992 636; x_wconf 65' lang='lat' dir='ltr'><strong>caumas.</strong></span> 
     </span>
     <span class='ocr_line' id='line_1_8' title="bbox 808 657 1418 707; baseline 0.002 -12"><span class='ocrx_word' id='word_1_27' title='bbox 808 657 1046 706; x_wconf 85' lang='lat' dir='ltr'><strong>Voluptatem</strong></span> <span class='ocrx_word' id='word_1_28' title='bbox 1066 667 1238 707; x_wconf 84' lang='lat' dir='ltr'><strong>magnam</strong></span> <span class='ocrx_word' id='word_1_29' title='bbox 1259 658 1418 697; x_wconf 88' lang='lat' dir='ltr'><strong>nuntias.</strong></span> 
     </span>
     <span class='ocr_line' id='line_1_9' title="bbox 285 715 1525 764; baseline 0.002 -10"><span class='ocrx_word' id='word_1_30' title='bbox 285 719 403 762; x_wconf 81' lang='lat' dir='ltr'><strong>Quam</strong></span> <span class='ocrx_word' id='word_1_31' title='bbox 413 716 547 755; x_wconf 84' lang='lat' dir='ltr'><strong>vellem</strong></span> <span class='ocrx_word' id='word_1_32' title='bbox 560 715 819 755; x_wconf 86' lang='lat' dir='ltr'><strong>Menedemum</strong></span> <span class='ocrx_word' id='word_1_33' title='bbox 835 716 1044 763; x_wconf 86' lang='lat' dir='ltr'><strong>invitatum,</strong></span> <span class='ocrx_word' id='word_1_34' title='bbox 1063 721 1103 754; x_wconf 93' lang='lat' dir='ltr'><strong>ut</strong></span> <span class='ocrx_word' id='word_1_35' title='bbox 1117 717 1308 755; x_wconf 81' lang='lat' dir='ltr'><strong>nobiscum</strong></span> <span class='ocrx_word' id='word_1_36' title='bbox 1323 723 1432 764; x_wconf 81' lang='lat' dir='ltr'><strong>esset,</strong></span> <span class='ocrx_word' id='word_1_37' title='bbox 1447 729 1525 756; x_wconf 89' lang='lat' dir='ltr'><strong>am-</strong></span> 
     </span>
     <span class='ocr_line' id='line_1_10' title="bbox 334 775 456 824; baseline 0.008 -12"><span class='ocrx_word' id='word_1_38' title='bbox 334 775 432 824; x_wconf 80' lang='lat' dir='ltr'><strong>plius</strong></span> <span class='ocrx_word' id='word_1_39' title='bbox 447 789 456 813; x_wconf 75' lang='grc' dir='ltr'>ε</span> 
     </span>
     <span class='ocr_line' id='line_1_11' title="bbox 286 832 1413 883; baseline -0.002 -11"><span class='ocrx_word' id='word_1_40' title='bbox 286 837 331 872; x_wconf 93' lang='lat' dir='ltr'><strong>Ut</strong></span> <span class='ocrx_word' id='word_1_41' title='bbox 349 833 443 872; x_wconf 80' lang='lat' dir='ltr'><strong>hanc</strong></span> <span class='ocrx_word' id='word_1_42' title='bbox 461 834 628 872; x_wconf 74' lang='lat' dir='ltr'><strong>laetitiam</strong></span> <span class='ocrx_word' id='word_1_43' title='bbox 648 844 717 872; x_wconf 86' lang='lat' dir='ltr'><strong>nec</strong></span> <span class='ocrx_word' id='word_1_44' title='bbox 735 833 903 883; x_wconf 75' lang='lat' dir='ltr'><strong>opinanti</strong></span> <span class='ocrx_word' id='word_1_45' title='bbox 919 832 1062 881; x_wconf 88' lang='lat' dir='ltr'><strong>primus</strong></span> <span class='ocrx_word' id='word_1_46' title='bbox 1077 833 1280 882; x_wconf 87' lang='lat' dir='ltr'><strong>objicerem</strong></span> <span class='ocrx_word' id='word_1_47' title='bbox 1298 834 1413 872; x_wconf 90' lang='lat' dir='ltr'><strong>domi.</strong></span> 
     </span>
     <span class='ocr_line' id='line_1_12' title="bbox 286 893 907 942; baseline -0.005 -12"><span class='ocrx_word' id='word_1_48' title='bbox 286 897 404 941; x_wconf 80' lang='lat' dir='ltr'><strong>Atque</strong></span> <span class='ocrx_word' id='word_1_49' title='bbox 422 893 535 931; x_wconf 87' lang='lat' dir='ltr'><strong>etiam</strong></span> <span class='ocrx_word' id='word_1_50' title='bbox 554 903 652 931; x_wconf 89' lang='lat' dir='ltr'><strong>nunc</strong></span> <span class='ocrx_word' id='word_1_51' title='bbox 671 897 820 942; x_wconf 86' lang='lat' dir='ltr'><strong>tempus</strong></span> <span class='ocrx_word' id='word_1_52' title='bbox 840 897 907 929; x_wconf 87' lang='lat' dir='ltr'><strong>est.</strong></span> 
     </span>
     <span class='ocr_line' id='line_1_13' title="bbox 446 950 993 988; baseline 0 0"><span class='ocrx_word' id='word_1_53' title='bbox 446 950 448 952; x_wconf 80' lang='grc'><strong>’</strong></span> <span class='ocrx_word' id='word_1_54' title='bbox 814 962 993 988; x_wconf 73' lang='lat' dir='ltr'><strong>curiruo.</strong></span> 
     </span>
     <span class='ocr_line' id='line_1_14' title="bbox 864 1008 1520 1060; baseline 0.005 -14"><span class='ocrx_word' id='word_1_55' title='bbox 864 1011 958 1046; x_wconf 90' lang='lat' dir='ltr'><strong>Cave</strong></span> <span class='ocrx_word' id='word_1_56' title='bbox 977 1008 1089 1056; x_wconf 85' lang='lat' dir='ltr'><strong>saxis;</strong></span> <span class='ocrx_word' id='word_1_57' title='bbox 1107 1019 1182 1047; x_wconf 91' lang='lat' dir='ltr'><strong>non</strong></span> <span class='ocrx_word' id='word_1_58' title='bbox 1201 1020 1295 1058; x_wconf 89' lang='lat' dir='ltr'><strong>opus</strong></span> <span class='ocrx_word' id='word_1_59' title='bbox 1314 1014 1384 1054; x_wconf 89' lang='lat' dir='ltr'><strong>est,</strong></span> <span class='ocrx_word' id='word_1_60' title='bbox 1402 1015 1520 1060; x_wconf 87' lang='lat' dir='ltr'><strong>pater.</strong></span> 
     </span>
     <span class='ocr_line' id='line_1_15' title="bbox 817 1078 994 1105; baseline -0.006 0"><span class='ocrx_word' id='word_1_61' title='bbox 817 1078 994 1105; x_wconf 66' lang='lat' dir='ltr'><strong>cunnus.</strong></span> 
     </span>
     <span class='ocr_line' id='line_1_16' title="bbox 284 1125 544 1176; baseline 0 -12"><span class='ocrx_word' id='word_1_62' title='bbox 284 1125 544 1176; x_wconf 77' lang='lat' dir='ltr'><strong>Quapropter?</strong></span> 
     </span>
     <span class='ocr_line' id='line_1_17' title="bbox 815 1195 996 1221; baseline 0 -1"><span class='ocrx_word' id='word_1_63' title='bbox 815 1195 996 1221; x_wconf 64' lang='lat' dir='ltr'><strong>cntinuo.</strong></span> 
     </span>
     <span class='ocr_line' id='line_1_18' title="bbox 380 1241 1520 1290; baseline 0.003 -10"><span class='ocrx_word' id='word_1_64' title='bbox 380 1243 473 1289; x_wconf 82' lang='lat' dir='ltr'><strong>Quia</strong></span> <span class='ocrx_word' id='word_1_65' title='bbox 488 1242 587 1281; x_wconf 90' lang='lat' dir='ltr'><strong>enim</strong></span> <span class='ocrx_word' id='word_1_66' title='bbox 605 1242 821 1281; x_wconf 86' lang='lat' dir='ltr'><strong>incertumst</strong></span> <span class='ocrx_word' id='word_1_67' title='bbox 839 1242 967 1285; x_wconf 84' lang='lat' dir='ltr'><strong>etiam,</strong></span> <span class='ocrx_word' id='word_1_68' title='bbox 987 1241 1078 1290; x_wconf 88' lang='lat' dir='ltr'><strong>quid</strong></span> <span class='ocrx_word' id='word_1_69' title='bbox 1093 1251 1132 1280; x_wconf 85' lang='lat' dir='ltr'><strong>se</strong></span> <span class='ocrx_word' id='word_1_70' title='bbox 1151 1242 1273 1280; x_wconf 81' lang='lat' dir='ltr'><strong>faciat.</strong></span> <span class='ocrx_word' id='word_1_71' title='bbox 1289 1243 1396 1281; x_wconf 80' lang='lat' dir='ltr'><strong>Modo</strong></span> <span class='ocrx_word' id='word_1_72' title='bbox 1410 1245 1520 1283; x_wconf 86' lang='lat' dir='ltr'><strong>venit.</strong></span> 
     </span>
     <span class='ocr_line' id='line_1_19' title="bbox 285 1300 1523 1351; baseline 0.002 -11"><span class='ocrx_word' id='word_1_73' title='bbox 285 1302 403 1340; x_wconf 88' lang='lat' dir='ltr'><strong>Timet</strong></span> <span class='ocrx_word' id='word_1_74' title='bbox 421 1302 566 1347; x_wconf 90' lang='lat' dir='ltr'><strong>omnia,</strong></span> <span class='ocrx_word' id='word_1_75' title='bbox 585 1301 701 1350; x_wconf 85' lang='lat' dir='ltr'><strong>patris</strong></span> <span class='ocrx_word' id='word_1_76' title='bbox 729 1300 846 1348; x_wconf 83' lang='lat' dir='ltr'><strong>iram,</strong></span> <span class='ocrx_word' id='word_1_77' title='bbox 867 1304 906 1339; x_wconf 91' lang='lat' dir='ltr'><strong>et</strong></span> <span class='ocrx_word' id='word_1_78' title='bbox 929 1300 1095 1339; x_wconf 85' lang='lat' dir='ltr'><strong>animum</strong></span> <span class='ocrx_word' id='word_1_79' title='bbox 1111 1301 1239 1339; x_wconf 82' lang='lat' dir='ltr'><strong>amicae</strong></span> <span class='ocrx_word' id='word_1_80' title='bbox 1258 1312 1297 1340; x_wconf 91' lang='lat' dir='ltr'><strong>se</strong></span> <span class='ocrx_word' id='word_1_81' title='bbox 1316 1313 1404 1351; x_wconf 82' lang='lat' dir='ltr'><strong>erga</strong></span> <span class='ocrx_word' id='word_1_82' title='bbox 1421 1308 1461 1341; x_wconf 91' lang='lat' dir='ltr'><strong>ut</strong></span> <span class='ocrx_word' id='word_1_83' title='bbox 1475 1304 1523 1342; x_wconf 81' lang='lat' dir='ltr'><strong>sit</strong></span> 
     </span>
     <span class='ocr_line' id='line_1_20' title="bbox 332 1372 420 1400; baseline -0.011 0"><span class='ocrx_word' id='word_1_84' title='bbox 332 1372 420 1400; x_wconf 83' lang='lat' dir='ltr'><strong>suae.</strong></span> 
     </span>
     <span class='ocr_line' id='line_1_21' title="bbox 284 1417 1520 1468; baseline 0.001 -10"><span class='ocrx_word' id='word_1_85' title='bbox 284 1422 374 1457; x_wconf 85' lang='lat' dir='ltr'><strong>Eam</strong></span> <span class='ocrx_word' id='word_1_86' title='bbox 383 1420 518 1458; x_wconf 89' lang='lat' dir='ltr'><strong>misere</strong></span> <span class='ocrx_word' id='word_1_87' title='bbox 528 1422 651 1457; x_wconf 81' lang='lat' dir='ltr'><strong>amat:</strong></span> <span class='ocrx_word' id='word_1_88' title='bbox 663 1422 814 1468; x_wconf 91' lang='lat' dir='ltr'><strong>propter</strong></span> <span class='ocrx_word' id='word_1_89' title='bbox 825 1429 909 1456; x_wconf 88' lang='lat' dir='ltr'><strong>eam</strong></span> <span class='ocrx_word' id='word_1_90' title='bbox 924 1418 1001 1456; x_wconf 84' lang='lat' dir='ltr'><strong>haec</strong></span> <span class='ocrx_word' id='word_1_91' title='bbox 1011 1417 1121 1457; x_wconf 88' lang='lat' dir='ltr'><strong>turba</strong></span> <span class='ocrx_word' id='word_1_92' title='bbox 1133 1422 1244 1468; x_wconf 83' lang='lat' dir='ltr'><strong>atque</strong></span> <span class='ocrx_word' id='word_1_93' title='bbox 1257 1419 1374 1458; x_wconf 86' lang='lat' dir='ltr'><strong>abitio</strong></span> <span class='ocrx_word' id='word_1_94' title='bbox 1383 1421 1520 1459; x_wconf 85' lang='lat' dir='ltr'><strong>evenit.</strong></span> 
     </span>
    </p>
   </div>
   <div class='ocr_carea' id='block_1_3' title="bbox 283 1545 1524 2340">
    <p class='ocr_par' dir='ltr' id='par_1_3' title="bbox 283 1545 1524 2340">
     <span class='ocr_line' id='line_1_22' title="bbox 814 1545 992 1572; baseline -0.006 -1"><span class='ocrx_word' id='word_1_95' title='bbox 814 1545 992 1572; x_wconf 67' lang='lat' dir='ltr'><strong>canens.</strong></span> 
     </span>
     <span class='ocr_line' id='line_1_23' title="bbox 1425 1595 1519 1634; baseline -0.011 -1"><span class='ocrx_word' id='word_1_96' title='bbox 1425 1595 1519 1634; x_wconf 84' lang='lat' dir='ltr'><strong>Seio.</strong></span> 
     </span>
     <span class='ocr_line' id='line_1_24' title="bbox 814 1666 1272 1709; baseline 0.002 -17"><span class='ocrx_word' id='word_1_97' title='bbox 814 1666 999 1693; x_wconf 68' lang='lat' dir='ltr'><strong>cru-imo.</strong></span> <span class='ocrx_word' id='word_1_98' title='bbox 1264 1701 1272 1709; x_wconf 28' lang='grc' dir='ltr'>ι</span> 
     </span>
     <span class='ocr_line' id='line_1_25' title="bbox 285 1712 1523 1763; baseline 0 -9"><span class='ocrx_word' id='word_1_99' title='bbox 285 1718 391 1754; x_wconf 85' lang='lat' dir='ltr'><strong>Nunc</strong></span> <span class='ocrx_word' id='word_1_100' title='bbox 414 1713 601 1752; x_wconf 83' lang='lat' dir='ltr'><strong>servolum</strong></span> <span class='ocrx_word' id='word_1_101' title='bbox 618 1712 666 1751; x_wconf 90' lang='lat' dir='ltr'><strong>ad</strong></span> <span class='ocrx_word' id='word_1_102' title='bbox 685 1723 769 1752; x_wconf 84' lang='lat' dir='ltr'><strong>eam</strong></span> <span class='ocrx_word' id='word_1_103' title='bbox 786 1713 823 1751; x_wconf 90' lang='lat' dir='ltr'><strong>in</strong></span> <span class='ocrx_word' id='word_1_104' title='bbox 841 1714 972 1752; x_wconf 90' lang='lat' dir='ltr'><strong>urbem</strong></span> <span class='ocrx_word' id='word_1_105' title='bbox 990 1713 1105 1762; x_wconf 88' lang='lat' dir='ltr'><strong>misit,</strong></span> <span class='ocrx_word' id='word_1_106' title='bbox 1124 1718 1162 1752; x_wconf 92' lang='lat' dir='ltr'><strong>et</strong></span> <span class='ocrx_word' id='word_1_107' title='bbox 1176 1724 1245 1763; x_wconf 84' lang='lat' dir='ltr'><strong>ego</strong></span> <span class='ocrx_word' id='word_1_108' title='bbox 1263 1719 1431 1754; x_wconf 86' lang='lat' dir='ltr'><strong>nostrum</strong></span> <span class='ocrx_word' id='word_1_109' title='bbox 1450 1726 1523 1754; x_wconf 86' lang='lat' dir='ltr'><strong>uua</strong></span> 
     </span>
     <span class='ocr_line' id='line_1_26' title="bbox 333 1775 478 1822; baseline -0.014 -10"><span class='ocrx_word' id='word_1_110' title='bbox 333 1775 478 1822; x_wconf 80' lang='lat' dir='ltr'><strong>Syrum.</strong></span> 
     </span>
     <span class='ocr_line' id='line_1_27' title="bbox 812 1841 991 1869; baseline 0.006 -1"><span class='ocrx_word' id='word_1_111' title='bbox 812 1841 991 1869; x_wconf 61' lang='lat' dir='ltr'><strong>canamus.</strong></span> 
     </span>
     <span class='ocr_line' id='line_1_28' title="bbox 285 1890 554 1937; baseline -0.007 -8"><span class='ocrx_word' id='word_1_112' title='bbox 285 1890 383 1937; x_wconf 81' lang='lat' dir='ltr'><strong>Quid</strong></span> <span class='ocrx_word' id='word_1_113' title='bbox 400 1891 554 1929; x_wconf 82' lang='lat' dir='ltr'><strong>narrat?</strong></span> 
     </span>
     <span class='ocr_line' id='line_1_29' title="bbox 811 1959 991 1987; baseline 0.006 -1"><span class='ocrx_word' id='word_1_114' title='bbox 811 1959 991 1987; x_wconf 73' lang='lat' dir='ltr'><strong>ommno.</strong></span> 
     </span>
     <span class='ocr_line' id='line_1_30' title="bbox 570 2005 1148 2052; baseline 0.002 -8"><span class='ocrx_word' id='word_1_115' title='bbox 570 2005 667 2052; x_wconf 80' lang='lat' dir='ltr'><strong>Quid</strong></span> <span class='ocrx_word' id='word_1_116' title='bbox 685 2006 778 2045; x_wconf 78' lang='lat' dir='ltr'><strong>ille?</strong></span> <span class='ocrx_word' id='word_1_117' title='bbox 796 2008 842 2046; x_wconf 85' lang='lat' dir='ltr'><strong>Se</strong></span> <span class='ocrx_word' id='word_1_118' title='bbox 858 2007 1034 2045; x_wconf 85' lang='lat' dir='ltr'><strong>miserum</strong></span> <span class='ocrx_word' id='word_1_119' title='bbox 1053 2017 1148 2047; x_wconf 86' lang='lat' dir='ltr'><strong>esse.</strong></span> 
     </span>
     <span class='ocr_line' id='line_1_31' title="bbox 816 2078 994 2106; baseline 0 -2"><span class='ocrx_word' id='word_1_120' title='bbox 816 2078 994 2106; x_wconf 67' lang='lat' dir='ltr'><strong>cunnus.</strong></span> 
     </span>
     <span class='ocr_line' id='line_1_32' title="bbox 1189 2125 1520 2171; baseline 0.003 -7"><span class='ocrx_word' id='word_1_121' title='bbox 1189 2125 1390 2164; x_wconf 78' lang='lat' dir='ltr'><strong>Miserum?</strong></span> <span class='ocrx_word' id='word_1_122' title='bbox 1405 2127 1520 2171; x_wconf 78' lang='lat' dir='ltr'><strong>Quen</strong></span> 
     </span>
     <span class='ocr_line' id='line_1_33' title="bbox 283 2183 687 2223; baseline -0.002 0"><span class='ocrx_word' id='word_1_123' title='bbox 283 2191 288 2197; x_wconf 87' lang='grc'><strong>’</strong></span> <span class='ocrx_word' id='word_1_124' title='bbox 335 2183 458 2223; x_wconf 89' lang='lat' dir='ltr'><strong>minus</strong></span> <span class='ocrx_word' id='word_1_125' title='bbox 472 2183 687 2222; x_wconf 78' lang='lat' dir='ltr'><strong>crederest‘?</strong></span> 
     </span>
     <span class='ocr_line' id='line_1_34' title="bbox 286 2241 1524 2292; baseline 0.002 -12"><span class='ocrx_word' id='word_1_126' title='bbox 286 2243 383 2290; x_wconf 81' lang='lat' dir='ltr'><strong>Quid</strong></span> <span class='ocrx_word' id='word_1_127' title='bbox 399 2241 581 2291; x_wconf 84' lang='lat' dir='ltr'><strong>reliquist,</strong></span> <span class='ocrx_word' id='word_1_128' title='bbox 595 2242 685 2291; x_wconf 89' lang='lat' dir='ltr'><strong>quin</strong></span> <span class='ocrx_word' id='word_1_129' title='bbox 702 2242 837 2281; x_wconf 86' lang='lat' dir='ltr'><strong>habeat</strong></span> <span class='ocrx_word' id='word_1_130' title='bbox 857 2254 938 2292; x_wconf 86' lang='lat' dir='ltr'><strong>quae</strong></span> <span class='ocrx_word' id='word_1_131' title='bbox 954 2242 1107 2292; x_wconf 82' lang='lat' dir='ltr'><strong>quidem</strong></span> <span class='ocrx_word' id='word_1_132' title='bbox 1122 2243 1160 2282; x_wconf 91' lang='lat' dir='ltr'><strong>in</strong></span> <span class='ocrx_word' id='word_1_133' title='bbox 1178 2242 1330 2282; x_wconf 83' lang='lat' dir='ltr'><strong>homine</strong></span> <span class='ocrx_word' id='word_1_134' title='bbox 1352 2243 1524 2283; x_wconf 85' lang='lat' dir='ltr'><strong>dicuntur</strong></span> 
     </span>
     <span class='ocr_line' id='line_1_35' title="bbox 335 2302 461 2340; baseline -0.008 0"><span class='ocrx_word' id='word_1_135' title='bbox 335 2302 461 2340; x_wconf 73' lang='lat' dir='ltr'><strong>bona?</strong></span> 
     </span>
    </p>
   </div>
   <div class='ocr_carea' id='block_1_4' title="bbox 1570 0 1624 2632">
    <p class='ocr_par' dir='ltr' id='par_1_4' title="bbox 1570 0 1624 2632">
     <span class='ocr_line' id='line_1_36' title="bbox 1570 0 1624 2632; baseline 0 0"><span class='ocrx_word' id='word_1_136' title='bbox 1570 0 1624 2632; x_wconf 95' lang='lat' dir='ltr'><strong> </strong></span> 
     </span>
    </p>
   </div>
  </div>
 </body>
</html>
