1624 2632
265 221 335 258 226
776 225 995 263 HECYRA.

810 317 961 344 ments.

670 364 786 403 Etiam
808 375 952 402 mecum
970 364 1114 413 litigas?

783 434 986 461 anwrus.

268 475 462 522 Deliberet,
485 480 746 530 renuntietque
766 482 877 520 hodie
895 481 1000 524 mihi,

268 534 410 574 Velitne
427 548 473 575 an
493 549 594 578 non:
615 544 654 577 ut
671 539 750 584 alii,
767 539 798 578 si
817 539 904 578 huic
918 550 991 578 non
1008 544 1078 587 est,
1096 539 1179 578 siet.

805 669 954 697 menes.

270 712 461 762 Phidippe,
481 715 584 764 ades,
602 716 689 754 audi
709 717 849 766 paucis.
868 717 979 755 Abiit.
997 716 1092 762 Quid
1109 717 1216 754 mea?

270 775 457 812 Postremo
477 775 573 813 inter
588 786 628 814 se
645 777 846 826 transigant
865 777 950 825 ipsi,
968 781 1008 814 ut
1025 777 1145 814 lubet:

267 831 420 877 Quando
442 844 510 871 nec
530 839 662 883 gnatus
684 846 804 884 neque
822 836 880 874 hic
900 836 991 873 mihi
1007 835 1202 884 quicquam
1224 834 1501 884 obtemperan13

267 892 354 936 Quae
376 892 458 930 dico
477 894 758 944 parvipendunt.
780 898 891 934 Porto
910 896 982 933 hoc
997 894 1161 944 jurgium

268 950 321 988 Ad
342 961 508 999 uxorem,
527 953 632 1001 cujus
646 954 724 992 haec
741 954 833 991 fiunt
851 954 1006 992 consilio
1024 953 1147 991 omnia
1164 967 1174 992 :

267 1012 385 1058 Atque
399 1010 436 1048 in
458 1021 539 1049 eam
558 1012 630 1051 hoc
646 1024 771 1060 omne,
791 1013 888 1062 quod
912 1013 1003 1050 mihi
1021 1017 1165 1060 aegrest,
1187 1022 1371 1051 evomam.

743 1142 928 1181 SCENA
957 1141 1028 1180 VI.

590 1260 866 1300 MYRRHINA,
898 1259 1177 1294 Pfllnwpus.

783 1379 992 1406 urrunnun.

269 1425 382 1463 Perii!
393 1426 488 1471 Quid
500 1429 631 1475 agam?
639 1429 717 1473 Quo
730 1438 790 1465 me
799 1429 965 1465 vortam?
978 1426 1071 1472 Quid
1082 1425 1160 1464 viro
1171 1436 1257 1463 meo
1274 1425 1503 1474 respondebo

193 1521 195 1523 ,
269 1484 423 1523 Misera?
438 1497 524 1524 nam
543 1485 726 1525 audivisse
743 1497 870 1525 vocem
887 1485 993 1535 pueri
1009 1484 1123 1523 visust
1138 1484 1337 1533 vagientis:

269 1545 320 1582 lta
335 1544 516 1593 corripuit
533 1545 735 1595 derepente
750 1545 883 1583 tacitus
902 1555 983 1583 sese
1003 1543 1050 1581 ad
1071 1543 1182 1581 filiam
1199 1556 1209 1581 ε

268 1603 372 1648 Quod
392 1603 422 1641 si
442 1603 608 1642 rescierit
626 1603 815 1653 peperisse
836 1614 939 1651 eam3
961 1602 1000 1640 id
1018 1614 1092 1651 qua
1114 1613 1226 1640 causa
1243 1602 1339 1640 clam
1358 1613 1417 1640 me
1438 1601 1506 1640 ha-

316 1661 440 1700 buisse
756 1671 763 1682 ·

269 1721 408 1768 Dicam,
427 1732 500 1760 non
518 1722 650 1772 edepol
671 1722 759 1761 scio.

270 1779 342 1817 Sed
353 1780 488 1819 ostium
503 1781 730 1831 concrepuit.
746 1780 866 1819 Credo
880 1780 1002 1829 ipsum
1019 1780 1119 1819 exire
1131 1779 1179 1818 ad
1194 1790 1277 1818 me:
1291 1779 1395 1817 nulla
1406 1789 1504 1817 sum.
1525 1783 1530 1788 '

783 1852 990 1879 ruminus.

257 1899 379 1943 &Uxor‚
398 1899 462 1937 ubi
478 1900 600 1938 me‘ad
617 1899 731 1938 tiliam
749 1899 803 1937 ire
822 1899 951 1946 sensit,
968 1910 1008 1937 se
1027 1898 1131 1936 duxit
1147 1899 1268 1936 foras:

272 1960 389 2007 Atque
404 1968 529 1997 eccam
548 1958 669 1998 video.
686 1958 781 2004 Quid
797 1959 863 1998 ais,
885 1958 1097 2007 Myrrhina?
1116 1959 1211 1995 Heus
1231 1956 1297 1995 tibi
1313 1956 1411 1995 dieo.

782 2086 988 2114 nanum.

1199 2132 1347 2176 Mihine,
1364 2132 1415 2170 mi
1427 2130 1507 2169 vir?

787 2204 990 2232 raimerus.

276 2253 337 2291 Vir
352 2263 420 2302 ego
439 2257 525 2291 tuus
543 2251 638 2291 sim?
654 2257 694 2291 tu
711 2252 829 2291 virum
850 2263 926 2300 me,
943 2255 1007 2289 aut
1025 2250 1215 2288 hominem
1238 2250 1395 2300 deputas
1414 2249 1508 2288 adeo

323 2313 426 2351 esse?
