1624 2632
268 249 338 286 422
550 244 791 282 HEAUTON
825 244 1212 283 TIMORUMENos.

792 335 973 363 ermeno.

268 386 364 433 Quid
379 387 417 423 id
433 394 521 433 ergo
530 386 549 421 ⁶?

818 452 947 480 smus.

482 503 541 543 Sic
554 506 633 542 est:
650 513 724 541 non
741 513 821 540 esse
840 502 973 539 horum
990 505 1027 540 te
1043 500 1215 540 arbitror.

793 570 977 599 curirno.

1152 616 1245 664 Quid
1263 617 1369 666 istuc,
1386 618 1501 669 Syre?

270 681 372 721 Satin
390 690 500 720 sanus
518 680 583 718 es?

820 746 949 774 srnus.

483 800 556 846 Ego
575 795 710 844 dicam,
729 795 830 844 quod
849 795 900 833 mi
920 795 956 833 in
978 798 1140 833 mentem
1159 799 1216 833 est
1235 807 1244 831 :
1265 798 1305 833 tu
1324 795 1499 844 dijudica.

271 861 364 897 Dum
383 857 463 896 istis
478 856 580 895 fuisti
598 854 714 903 solus,
730 854 819 892 dum
838 854 941 892 nulla
962 853 1036 891 alia
1051 853 1259 901 delectatio,

271 919 359 964 Quae
379 916 531 966 propior
549 919 645 953 esset
665 927 674 952 :
697 917 733 952 te
751 912 1008 961 indulgebant,
1025 911 1091 950 tibi
1108 911 1259 950 dabant.
1279 915 1381 950 Nunc
1397 913 1473 950 tilia

272 980 469 1024 Postquam
481 978 537 1014 est
549 973 696 1012 inventa
713 982 815 1020 vera,
834 971 982 1010 inventa
1002 975 1058 1009 est
1072 982 1184 1009 causa
1202 982 1275 1021 qua
1291 976 1328 1010 te
1344 971 1500 1022 expelle·

318 1038 415 1074 rent.

796 1159 981 1189 cm'rirao.

273 1215 336 1252 Est
354 1210 569 1251 verisimile.

512 1282 514 1284 ·
824 1275 953 1303 snus.

507 1331 564 1367 An
583 1331 622 1366 tu
641 1325 688 1366 ob
705 1329 897 1376 peccatum
914 1325 987 1363 hoc
1002 1334 1082 1363 esse
1102 1323 1208 1363 illum
1226 1323 1361 1363 iratum
1374 1326 1505 1374 putas?

794 1455 976 1482 cunrad.

272 1510 352 1545 Non
373 1506 546 1544 arbitror.

823 1572 952 1599 smus.

567 1624 670 1660 Nunc
683 1619 785 1659 aliud
799 1624 935 1669 specta.
954 1620 1088 1657 Matres
1106 1629 1236 1658 omnes
1257 1619 1342 1658 tiliis

271 1687 308 1722 In
329 1686 480 1734 peccato
502 1681 716 1731 adjutrices,
735 1679 873 1719 anxilio
892 1680 931 1717 in
957 1683 1110 1729 paterna
1126 1678 1262 1728 injuria

272 1743 400 1782 Solent
419 1752 499 1780 esse
518 1754 527 1780 :
549 1740 588 1779 id
604 1751 677 1779 non
699 1739 753 1778 fit.

796 1808 980 1836 omnmo.

624 1860 761 1897 Verum
774 1857 864 1896 dicis
882 1870 890 1895 :
909 1855 1000 1905 quid
1014 1867 1101 1904 ergo
1116 1866 1214 1893 nunc
1230 1855 1377 1902 faciam,
1390 1857 1507 1905 Syre?

823 1927 952 1954 snus.

271 1978 522 2029 Suspicionem
538 1977 653 2015 istanc
667 1987 710 2014 ex
730 1974 803 2013 illis
822 1985 944 2023 quaere
963 1987 973 2012 ε
992 1984 1073 2012 rem
1091 1973 1218 2021 profer
1234 1972 1371 2022 palam.

270 2040 307 2077 Si
327 2049 400 2076 non
421 2042 476 2075 est
494 2046 636 2076 verum,
654 2035 702 2073 ad
720 2033 1011 2072 misericordiam
1025 2031 1155 2070 ambos
1178 2031 1341 2070 adduces
1359 2030 1432 2069 cito
1444 2044 1456 2078 ,t

272 2101 341 2139 Aut
356 2096 465 2137 scibis
480 2095 587 2144 cujus
606 2094 669 2133 sis.

796 2161 978 2189 curirno.

660 2213 770 2249 Recte
787 2209 923 2248 suades
945 2222 954 2247 ε
977 2207 1123 2247 faciam.

819 2279 949 2307 smus,

1125 2326 1190 2364 sat
1203 2327 1305 2364 recte
1325 2323 1396 2362 hoc
1411 2321 1504 2362 miti.
