1624 2632
277 200 343 236 182
783 204 1001 244 HECYRA.

821 296 859 321 ut
969 314 979 324 ι

273 340 319 376 At
337 342 374 376 te
391 337 428 377 di
449 338 600 389 deaeque
618 340 777 389 perdant
791 295 965 381 ἔυηξῗὲῑιοῗ
980 343 1081 391 odio,
1097 345 1247 386 Laches.

802 471 988 499 mammo.

275 515 321 551 Ut
339 508 385 552 ad
407 525 526 564 pauca
541 515 707 560 redeam,
727 529 879 556 uxorem
901 519 1049 558 deducit
1068 520 1235 561 domum.

275 574 390 611 Nocte
406 573 469 611 illa
490 574 611 623 prima
627 574 805 625 virginem
825 588 898 616 non
921 578 1042 627 attigit
1062 592 1070 615 z

275 633 363 677 Quae
381 637 612 672 consecutast
629 645 700 672 nox
720 646 818 680 eam,
839 636 956 674 nihilo
978 637 1107 686 magis.

804 708 982 735 rumoris.

274 749 371 795 Quid
390 751 471 789 ais?
489 763 573 790 cum
589 752 729 802 virgine
747 765 820 792 una
835 755 1050 795 adulescens
1062 757 1230 796 cubuerit

276 810 362 847 Plus
379 815 503 858 potus,
521 822 600 850 sese
621 812 685 849 illa
706 812 892 852 abstinere
912 819 951 853 ut
964 815 1152 864 potuerit?

276 869 354 906 Non
373 870 568 908 verisimile
583 872 689 920 dicis,
707 884 828 922 neque
845 885 971 912 verum
991 874 1162 913 arbitror.

803 944 988 971 nummo.

273 986 394 1025 Credo
410 987 463 1025 ita
478 988 594 1027 videri
612 989 677 1027 tibi
698 1003 707 1028 :
728 1001 815 1028 nam
832 1002 941 1029 nemo
959 991 1007 1029 ad
1028 997 1065 1030 te
1083 993 1181 1031 venit

275 1045 350 1082 Nisi
364 1047 516 1095 cupiens
534 1048 588 1087 tui
608 1061 620 1088 :
638 1048 702 1087 ille
720 1049 853 1087 invitus
873 1045 977 1087 illem
989 1050 1151 1090 duxerat.

1611 775 1624 1075 ⁸—.——.-—-.an-—-——⁴.-
1619 734 1624 747 ..
1612 679 1624 723 h-i.
1619 626 1624 667 .-..
1622 607 1624 610 Α
1619 582 1624 594 ,ι

754 1188 758 1192 »
803 1176 982 1206 Ριιιιοτιε.

275 1222 371 1267 Quid
390 1220 524 1262 demae
543 1224 585 1262 fit
597 1253 606 1262 .

802 1296 987 1322 mammo.

631 1340 768 1380 Diebus
784 1353 871 1380 sane
890 1343 1056 1391 pauculis

275 1402 363 1438 Post
379 1399 595 1449 Pamphilus
608 1411 668 1439 me
690 1401 811 1439 solum
831 1401 973 1439 seducit
993 1402 1108 1443 foras,

274 1462 493 1508 Narratque,
516 1463 556 1498 ut
574 1459 678 1509 virgo
693 1460 740 1498 ab
755 1471 794 1498 se
814 1460 957 1509 integra
973 1461 1086 1499 etiam
1105 1465 1184 1499 tum
1201 1461 1298 1502 siet:

276 1520 395 1567 Seque
414 1522 514 1566 ante,
533 1530 646 1568 quam
665 1530 747 1557 eam
770 1529 920 1557 uxorem
941 1519 1106 1558 duxisset
1124 1520 1297 1569 domum,

277 1580 463 1627 Sperasse,
479 1588 542 1616 eas
555 1578 711 1616 tolerare
732 1589 837 1627 posse
853 1578 1014 1626 nuptias.

277 1637 349 1676 Sed
363 1648 476 1685 quam
494 1636 676 1675 decrerim
696 1648 755 1675 me
772 1648 846 1675 non
866 1648 975 1686 posse
996 1638 1136 1677 diutius

277 1695 436 1743 Habere,
449 1706 533 1733 eam
553 1695 714 1734 ludibrio
732 1695 875 1740 haberi,
893 1698 1089 1744 Parmeno,

278 1754 373 1801 Quin
393 1755 576 1802 integram
595 1754 723 1792 itidem
743 1754 913 1802 reddam,
932 1759 973 1793 ut
992 1754 1118 1804 accepi
1136 1755 1184 1794 ab
1204 1767 1295 1805 suis,

278 1816 405 1862 Neque
423 1813 620 1851 honestum
640 1813 746 1861 mihi,
765 1824 886 1862 neque
908 1813 997 1852 utile
1017 1813 1087 1863 ipsi
1100 1813 1235 1863 virgini
1250 1819 1317 1854 est.

790 1883 984 1911 -Ρειιιοτιε,

281 1931 386 1969 Pium
402 1941 444 1968 ae
463 1930 638 1979 pudicum
658 1929 846 1979 ingenium
865 1942 993 1969 narras
1011 1931 1207 1981 Pamphili.

810 2060 996 2087 numano.

282 2112 357 2148 Hoc
371 2119 440 2157 ego
459 2108 641 2157 proferre,
659 2096 934 2146 incommodum
956 2107 1006 2146 mi
1025 2104 1106 2146 esse
1123 2108 1308 2149 arbitror:

282 2167 400 2207 Reddi
417 2168 511 2216 patri
528 2172 666 2214 autem,
686 2167 744 2204 cui
764 2172 804 2204 tu
823 2167 915 2204 nihil
932 2167 1034 2205 dicas
1053 2167 1131 2215 viti,

321 2291 347 2321 ί.
368 2291 411 2320 Cf.
424 2290 543 2324 Lucieu,
557 2289 638 2319 Diac.
652 2291 686 2317 XI
704 2290 754 2318 des
766 2290 970 2324 courtieams,
985 2291 1009 2317 t.
1019 2291 1057 2323 11,
1070 2297 1100 2325 p.
1116 2290 1169 2317 373
1180 2289 1216 2318 de
1231 2294 1313 2318 notre
1331 2290 1496 2321 traducum.
