1624 2632
293 193 361 229 178
799 193 1019 230 HECYRA.

292 277 477 321 Agitarem
498 277 594 312 inter
612 284 678 313 vos
696 272 815 312 libere
833 272 1039 311 convivium
1057 286 1066 310 :

293 334 384 370 Nam
402 332 456 370 ini
473 333 572 372 haud
589 333 723 373 licebat
740 333 811 372 nisi
830 332 1011 383 praefinito
1032 332 1148 382 ioqui.

291 392 379 436 Quae
395 391 450 429 illi
466 392 667 441 placerent.

819 462 1006 490 nunno.

670 510 774 548 Haud
794 510 929 560 opinor
944 508 1140 549 commode

290 566 417 605 Finem
436 567 607 608 statuisse
628 568 786 608 orationi
805 569 976 607 militem.

819 639 999 667 mmm-rs.

289 683 359 721 Sed
379 683 469 734 quid
484 685 556 725 hoc
574 686 696 736 negoti
715 689 799 726 est?
818 688 930 725 modo
950 698 1034 736 quae
1053 685 1215 724 narravit
1229 684 1321 723 mihi

289 742 353 781 Hic
366 742 464 782 intus
481 745 630 784 Bacchis
641 748 660 783 ?
674 746 774 795 quod
795 756 865 795 ego
881 756 1083 795 numquam
1102 743 1243 784 credidi

288 802 397 849 Fore,
415 806 455 840 ut
473 803 537 841 ille
556 804 625 842 hac
644 804 724 842 viva
741 808 866 853 posset
884 804 1050 842 animum
1069 803 1243 842 inducere

289 861 443 898 Uxorem
457 860 608 901 habere.

816 933 1003 960 ranunuo.

619 980 762 1019 Habere
782 982 935 1018 autem?

815 1051 995 1079 raum-rs.

947 1098 1027 1137 Eho
1050 1103 1106 1146 tu,
1122 1109 1168 1136 an
1186 1109 1262 1136 non
1281 1097 1424 1136 habet?

429 1204 431 1206 ‚
816 1170 1001 1198 mammo.

285 1213 401 1253 Habet
419 1227 428 1253 :
447 1215 514 1254 sed
532 1215 648 1255 firmae
666 1216 746 1255 haec
763 1228 895 1256 vereor
914 1222 955 1256 ut
972 1217 1045 1256 sint
1063 1216 1215 1267 nuptiae.

815 1289 996 1316 umoris.

285 1334 337 1370 lta
355 1332 394 1371 di
412 1333 566 1383 deaeque
582 1334 713 1383 faxint,
734 1335 764 1374 si
784 1335 821 1374 in
843 1347 924 1374 rem
943 1340 1000 1374 est
1017 1335 1219 1374 Bacchidis.

285 1392 356 1431 Sed
372 1393 437 1443 qui
451 1394 545 1434 istuc
562 1395 713 1434 credam
729 1395 780 1435 ita
791 1407 886 1442 esse,
905 1396 964 1435 dic
982 1396 1091 1444 mihi,
1107 1397 1316 1434 Parmeno?
1389 1432 1392 1435 .

812 1525 998 1553 mammo.

284 1571 363 1608 Non
380 1573 436 1608 est
452 1581 547 1620 opus
562 1571 707 1621 prolato
727 1585 738 1611 :
760 1572 833 1612 hoc
847 1572 1098 1622 percontarier

285 1628 436 1667 Desiste.

811 1701 993 1730 mitons.

450 1748 590 1797 Nempe
606 1759 651 1787 ea
670 1759 794 1793 causa,
818 1753 860 1787 ut
874 1759 922 1787 ne
941 1749 979 1787 id
999 1749 1064 1787 fiat
1081 1748 1219 1799 palam.

285 1805 337 1842 lta
354 1815 415 1843 me
433 1805 473 1844 di
485 1806 678 1855 amabunt,
696 1807 796 1846 haud
815 1812 1012 1857 propterea
1030 1812 1068 1846 te
1084 1819 1189 1857 rogo,

284 1865 330 1901 Ut
343 1862 414 1902 hoc
432 1864 637 1914 proferam,
656 1866 723 1905 sed
741 1870 782 1905 ut
797 1867 907 1905 tacita
926 1877 1073 1905 mecum
1086 1867 1283 1915 gaudeam.

811 1937 1000 1964 mammo.

283 1983 491 2030 Numquam
507 1986 583 2021 tam
603 1983 703 2022 dices
714 1985 925 2032 commode,
942 1988 984 2023 ut
998 1988 1146 2033 tergum
1164 1995 1290 2024 meum

283 2041 398 2078 Tuam
419 2041 455 2078 in
471 2041 583 2080 fidem
602 2042 847 2081 committam.

809 2114 992 2142 ruimus.

853 2162 910 2200 Ah
929 2161 1022 2209 noli,
1043 2164 1224 2200 Parmeno
1243 2175 1254 2201 :

283 2218 394 2262 Quasi
413 2220 451 2254 tu
470 2227 543 2255 non
562 2218 679 2256 multo
699 2219 808 2258 malis
825 2230 978 2259 narrare
993 2220 1065 2259 hoc
1083 2220 1190 2268 mihi,

283 2277 402 2321 Quam
417 2286 486 2324 ego
504 2287 586 2325 quae
607 2283 820 2327 percontor,
833 2279 939 2318 scire.
