1624 2632
353 268 424 304 950
860 266 1077 303 HECYRA.

819 509 1026 559 ACTUS
1066 509 1122 557 V.

845 656 1027 695 SCENA
1069 655 1100 694 l.

745 762 951 801 LACHES,
981 761 1200 796 BAccnls.
1616 770 1624 796 i

890 874 1055 902 mccms.

359 926 435 961 Non
459 923 531 961 hoc
547 922 595 960 de
610 921 775 967 nihilost,
797 922 898 970 quod
920 923 1058 961 Laches
1077 933 1135 960 me
1154 933 1252 960 nunc
1268 925 1483 960 conventam
1506 933 1587 961 esse

405 982 542 1031 expetit
561 995 570 1019 :

359 1044 432 1079 Nec
451 1040 511 1096 pel
526 1050 586 1078 me
605 1039 762 1077 multum
783 1038 894 1086 fallit,
913 1038 1002 1087 quin
1022 1038 1123 1087 quod
1133 1038 1298 1088 suspicor
1311 1039 1359 1077 sit
1373 1039 1475 1088 quod
1486 1039 1586 1078 velit.

900 1109 1050 1136 ments.

359 1158 565 1196 Videndum
584 1162 703 1195 estne
719 1155 842 1194 minus
861 1161 1014 1204 propter
1027 1156 1119 1193 iram
1137 1155 1230 1194 hanc
1248 1155 1460 1205 impetrem,
1473 1167 1584 1206 quam

406 1216 562 1265 possiem
582 1229 591 1254 :

359 1279 429 1312 Aut
455 1286 499 1313 ne
515 1273 616 1323 =quid
645 1273 774 1312 faciam
801 1272 906 1322 pius,
933 1272 1033 1321 quod
1049 1276 1133 1321 post
1154 1282 1214 1310 me
1237 1270 1357 1310 minus
1378 1272 1509 1312 fecisse
1526 1285 1587 1312 sa-

404 1333 477 1370 tius
494 1333 554 1370 sit.

358 1391 572 1440 Adgrediar.
590 1391 755 1439 Bacchis,
771 1391 882 1429 salve.

889 1459 1051 1487 mccms.

358 1508 473 1552 Salve,
493 1508 622 1546 Lache.

894 1576 1045 1603 nemas.

639 1623 776 1672 Edepol
794 1623 906 1661 credo
926 1627 961 1660 te
980 1634 1052 1661 non
1072 1623 1124 1661 nil
1141 1623 1282 1670 mirari,
1302 1625 1468 1673 Bacchis,

358 1684 454 1730 Quid
472 1683 534 1730 sit,
550 1687 778 1732 quapropter
798 1685 834 1721 te
858 1683 932 1721 huc
949 1683 1048 1720 foras
1063 1693 1220 1732 puerum
1239 1694 1390 1721 evocare
1406 1684 1514 1732 jussi.

890 1811 1053 1838 mccms.

360 1863 432 1908 Ego
451 1860 512 1909 pol
531 1869 679 1908 quoque
699 1857 811 1897 etiam
836 1858 966 1897 timida
980 1869 1079 1906 sum,
1099 1870 1214 1908 quum
1236 1858 1336 1897 venit
1356 1870 1393 1897 m
1421 1865 1585 1899 mentem

403 1929 485 1968 quae
500 1917 569 1957 sim
586 1931 595 1956 ε

358 1982 409 2017 Ne
427 1988 562 2016 nomen
582 1977 674 2014 mihi
694 1977 823 2026 quaesti
838 1976 983 2015 obsiet:
1002 1987 1088 2014 narn
1109 1987 1231 2014 mores
1247 1976 1356 2015 facile
1375 1980 1488 2015 tutor.

895 2030 1061 2074 uenas-¹

357 2095 393 2134 Si
407 2106 492 2133 vera
512 2095 614 2142 dicis,
632 2095 683 2132 nil
704 2094 769 2132 tib1
785 2098 840 2132 est
856 2105 877 2131 a
895 2105 955 2133 me
975 2093 1116 2143 pericli,
1138 2093 1273 2132 mulier
1290 2106 1301 2132 :

356 2157 444 2192 Nam
452 2153 531 2202 jam
545 2158 652 2207 aetage
665 2165 709 2192 ea
719 2164 815 2200 sum,
827 2156 950 2191 utnon
961 2153 1030 2191 siet
1039 2157 1189 2202 peccato
1200 2152 1253 2191 mi
1265 2152 1404 2202 ignosci
1416 2164 1563 2202 aequum

393 2264 418 2290 1.
440 2261 461 2288 11
474 2262 542 2288 elain
554 2262 617 2288 bien
630 2262 744 2289 difficile
765 2262 800 2290 «le
819 2266 920 2290 mettre
932 2262 1003 2290 ainsi
1021 2263 1047 2290 le
1066 2264 1133 2299 pere
1146 2272 1181 2291 en
1200 2265 1335 2300 presence
1345 2263 1382 2292 de
1394 2264 1422 2292 Ιι
1434 2264 1538 2292 main-e

356 2302 392 2328 de
406 2310 455 2329 son
472 2303 524 2330 fils.
540 2305 662 2330 Terence
675 2303 711 2330 l’a
725 2304 775 2330 fait
790 2313 859 2331 avec
872 2313 908 2330 un
920 2304 1077 2331 admirable
1090 2306 1242 2332 sentiment
1253 2305 1288 2332 de
1300 2304 1328 2332 la
1339 2305 1506 2333 bienseanoe
1515 2306 1569 2334 dra

357 2343 489 2380 mutique.
509 2346 550 2371 Un
570 2348 671 2370 auteur
691 2345 901 2381 contempordin
919 2346 955 2386 Ra
972 2348 1020 2373 osc
1043 2346 1114 2373 dans
1134 2354 1187 2373 une
1209 2346 1289 2382 piene
1308 2345 1379 2374 tire'e
1395 2347 1463 2374 d'un
1486 2355 1518 2375 ro
