1624 2632
272 241 353 279 3024
555 239 796 277 HEAUTON
829 238 1228 275 TlMORUMENos.

271 324 504 371 Quapropter
523 323 601 360 baec
614 331 676 360 res
693 319 912 368 neutiquam
933 319 1101 367 neglectu
1117 322 1174 356 est
1195 317 1287 356 mihi
1306 333 1317 357 t

269 381 342 420 Sed
356 380 475 419 istunc
490 391 616 425 exora,
638 384 679 418 ut
697 389 803 418 suam
820 389 901 416 esse
921 376 1136 415 adsimulet.

825 447 960 474 cuna.

1150 493 1293 533 Scilicet

272 562 467 598 Facturum
485 568 546 597 me
566 567 647 597 esse
664 570 673 596 :
693 557 730 594 in
747 566 834 594 eum
847 555 926 604 jam
946 566 1007 594 res
1024 553 1137 593 rediit
1153 554 1296 601 locum,

274 621 316 657 Ut
335 618 383 656 sit
397 628 559 656 necesse.
910 619 917 628 ⁸

804 684 989 712 emmeno.

575 733 703 773 Merito
722 737 759 771 te
781 742 882 776 amo,
903 732 1035 770 Clinia.

828 801 967 828 cuim.

275 855 410 891 Verum
430 852 494 890 illa
517 862 564 890 ne
579 850 671 900 quid
691 849 840 888 titubet.

833 918 963 946 Simus.

871 963 1086 1002 Perdoctast
1102 963 1232 1012 probe.

808 1033 991 1062 cmrirno.

276 1091 323 1125 At
336 1087 409 1125 boc
429 1084 607 1128 demiror,
625 1083 691 1132 qui
705 1087 782 1121 tam
802 1081 911 1120 facile
924 1081 1094 1130 potueris

276 1145 501 1184 Persuadere
518 1143 591 1192 illi,
607 1152 691 1192 quae
709 1140 806 1180 solet
825 1151 919 1190 quos
939 1140 1144 1189 spernere!

452 1236 455 1238 Α
834 1211 964 1238 smus.

277 1267 504 1312 intempore
519 1262 567 1300 ad
583 1271 667 1299 eam
685 1260 785 1308 veni,
805 1257 907 1308 quod
927 1268 1053 1296 rerum
1073 1257 1277 1297 omniumst

278 1324 441 1362 Primum
464 1336 472 1360 :
497 1332 583 1360 nam
603 1319 804 1369 quemdam
825 1317 961 1355 misere
981 1315 1119 1355 offendi
1139 1316 1298 1354 militem

278 1383 366 1433 Ejus
381 1386 526 1420 noctem
543 1383 713 1418 orantem
731 1390 742 1416 z
760 1377 839 1415 haee
858 1380 959 1414 arcte
980 1375 1162 1413 tractabat
1180 1375 1313 1421 virum,

279 1445 324 1481 Ut
335 1442 435 1480 illius
450 1439 616 1478 animum
634 1436 813 1486 cupidum
830 1435 957 1483 inopia
977 1434 1217 1472 incenderet:

280 1501 491 1549 Eademque
510 1502 551 1536 ut
567 1500 667 1536 esset
683 1495 784 1545 apud
803 1499 838 1532 te
857 1494 926 1531 hoc
941 1504 1054 1542 quam
1075 1491 1338 1541 gratissimum.

280 1562 352 1600 Sed
371 1560 464 1597 heus
482 1561 536 1601 tu,
555 1556 640 1594 vide
659 1554 724 1602 sis,
742 1552 882 1602 nequid
901 1551 1121 1601 imprudens
1135 1562 1236 1588 ruas.

281 1623 427 1659 Patrem
443 1615 592 1663 novisti,
613 1613 660 1652 ad
677 1615 746 1652 has
764 1623 824 1651 res
843 1622 956 1660 quam
978 1611 1026 1649 sit
1042 1610 1235 1659 perspicax
1252 1621 1263 1649 2

281 1682 356 1728 Ego
375 1682 411 1716 te
427 1679 554 1714 autem
570 1673 671 1716 novi,
687 1682 803 1721 quam
823 1681 903 1708 esse
923 1669 1042 1708 soleas
1064 1669 1275 1718 impotens:

282 1741 428 1776 Inversa
443 1734 567 1777 verba,
589 1741 738 1771 eversas
757 1730 919 1769 cervices
940 1733 1038 1775 tuas,

282 1796 463 1840 Gemitus,
479 1799 658 1839 screatuS,
675 1789 801 1837 tussis,
820 1789 919 1826 risus
936 1787 1093 1826 abstine.

816 1917 1003 1946 omnmo.

284 1972 482 2015 Laudabis.

841 2037 883 2064 SY
890 2036 973 2063 RUS.

499 2090 591 2129 vide
607 2089 671 2128 sis.

819 2157 999 2185 CLlTlPHO.

690 2210 860 2245 Tutemet
879 2205 1079 2243 mirabere.

844 2275 976 2303 SYnus.

287 2330 362 2372 Sed
377 2339 491 2380 quam
508 2328 583 2367 cito
597 2330 683 2365 sunt
700 2329 906 2364 consecutae
928 2321 1133 2360 mulieres?
