1624 2632
260 213 329 250 200
768 218 985 254 RECYRA.

768 306 983 333 unvanus.

260 348 352 393 Quid
370 351 562 390 consolare
588 355 673 391 me?
696 357 749 391 An
774 354 971 403 quisquam
992 364 1147 403 usquam
1172 352 1371 402 gentiumst
1388 362 1495 400 aeque

308 409 440 448 miser?

260 465 364 507 Prius
381 478 492 516 quam
509 469 602 507 hanc
615 480 767 508 uxorem
780 469 882 518 duxi,
897 470 1079 508 habebam
1094 469 1183 508 alibi
1195 469 1359 507 animum
1373 470 1494 507 amori

307 524 500 566 deditum:

258 585 338 620 Jam
358 584 394 621 in
410 585 479 624 hae
492 596 548 629 re,
563 591 604 625 ut
617 592 771 631 taceam,
790 587 905 626 cuivis
922 587 1030 626 facile
1046 587 1136 626 scitu
1151 591 1220 634 est,
1231 597 1343 635 quam
1358 586 1493 651 fuerim

308 643 447 684 miser·

258 703 395 740 Tamen
414 714 615 754 numquam
635 715 746 744 ausus
766 716 849 743 sum
866 715 1036 743 recusare
1055 715 1154 752 eam,
1172 714 1284 753 quam
1300 703 1351 740 mi
1370 701 1493 741 obtru-

306 759 361 798 dit
376 766 495 809 pater.

258 818 325 855 Vix
342 830 402 858 me
419 820 473 858 illi
487 821 662 867 abstraxi,
676 827 786 872 atque
799 822 1019 872 impeditum
1034 822 1073 860 in
1086 833 1131 861 ea
1142 820 1308 870 expedivi
1326 820 1492 858 animum

307 889 448 926 meum,

259 935 399 984 Vixque
417 937 490 976 hue
509 939 762 984 contuleram,
778 939 865 978 hem
886 949 981 977 nova
997 949 1058 978 res
1076 942 1212 982 ortam,
1229 947 1340 986 porro
1359 936 1406 974 ab
1423 936 1493 974 hac

307 1005 390 1043 quae
408 1007 468 1034 me
488 997 690 1036 abstrahat.
1401 1020 1404 1022 v

259 1055 352 1091 Tum
370 1059 526 1093 matrem
544 1066 588 1094 ex
605 1067 651 1094 ea
669 1067 710 1094 re
729 1068 789 1095 me
807 1060 872 1095 aut
890 1067 1043 1095 uxorem
1066 1056 1106 1095 in
1125 1055 1235 1104 eulpa
1257 1031 1491 1093 inventurum

306 1112 492 1152 arbitror:

258 1171 364 1216 Quod
380 1182 495 1220 quum
515 1172 567 1210 ita
585 1184 663 1211 esse
683 1173 873 1222 invenero,
891 1174 982 1223 quid
997 1177 1125 1220 restat,
1138 1172 1208 1211 nisi
1224 1182 1335 1222 porro
1349 1176 1390 1209 ut
1404 1171 1491 1209 fiam

307 1229 443 1268 miser?

259 1290 350 1326 Nam
369 1289 498 1328 matris
516 1290 614 1328 ferre
634 1290 787 1339 injurias
807 1302 881 1338 me,
901 1294 1096 1339 Parmeno,
1116 1292 1234 1341 pietas
1244 1290 1378 1339 jubet:

259 1349 352 1384 Tum
372 1348 476 1386 uxori
495 1349 674 1387 obnoxius
688 1360 768 1386 sum
780 1363 791 1397 3
810 1350 863 1387 ita
875 1349 965 1387 olim
977 1360 1046 1388 suo
1062 1360 1122 1388 me
1134 1349 1282 1398 ingenio
1294 1347 1447 1397 pertulit
1459 1359 1472 1386 ε

259 1408 327 1443 Tot
345 1417 447 1444 meas
467 1407 623 1456 injurias
643 1418 725 1456 quae
743 1418 946 1456 numquam
964 1408 1000 1446 in
1018 1407 1095 1446 ullo
1109 1407 1285 1457 patefecit
1299 1407 1394 1445 loco.

258 1465 330 1502 Sed
350 1475 524 1513 magnum
541 1466 664 1504 neseio
681 1466 771 1514 quid
791 1477 940 1504 necesse
956 1471 1014 1505 est
1030 1467 1207 1509 evenisse,
1228 1469 1425 1509 Parmeno,

258 1523 359 1561 Unde
377 1523 434 1561 ira
452 1523 549 1562 inter
567 1535 631 1562 eas
648 1524 867 1572 intercessit,
886 1536 969 1573 quae
986 1529 1064 1563 tam
1083 1525 1285 1574 permansit
1301 1524 1378 1562 diu.

777 1595 960 1622 panussso.

257 1643 303 1679 At
315 1641 465 1690 quidem
477 1642 600 1679 hercle
613 1651 781 1690 parvum,
793 1642 824 1679 si
834 1642 887 1680 vis
896 1653 983 1681 vero
994 1653 1118 1681 veram
1132 1642 1313 1682 rationem
1324 1642 1487 1691 exsequi.

258 1702 338 1738 Non
359 1711 555 1748 maxumae,
571 1711 653 1749 quae
668 1711 849 1739 maxumae
866 1705 953 1740 sunt
972 1701 1159 1739 interdum
1178 1702 1256 1749 irae,
1274 1701 1419 1750 injuriae

257 1759 409 1798 Faciunt
426 1773 437 1799 :
452 1771 539 1798 nam
558 1771 654 1809 saepe
672 1764 742 1808 est,
765 1761 899 1809 quibus
913 1762 950 1799 in
969 1761 1080 1799 rebus
1097 1761 1193 1799 alius
1206 1772 1254 1799 ne
1273 1761 1389 1799 iratus
1406 1760 1488 1809 qui-

303 1819 390 1857 dem
409 1823 478 1867 est,

255 1880 375 1924 Quum
395 1878 442 1916 de
458 1879 590 1916 eadem
610 1889 720 1916 causa
738 1883 794 1917 est
813 1879 1011 1917 iracundus
1028 1878 1146 1917 faetus
1159 1878 1444 1916 inimicissimus.

256 1937 363 1974 Pueri
383 1936 480 1975 inter
498 1947 577 1974 sese
594 1946 686 1985 quas
701 1947 770 1985 pro
790 1937 931 1975 levibus
949 1936 1066 1975 noxiis
1084 1937 1157 1975 iras
1176 1939 1325 1985 gerunt!

255 1996 515 2044 Quapropter?
533 1995 622 2044 quia
646 1994 744 2033 enim
765 1996 830 2044 qui
847 2006 913 2034 eos
930 1996 1110 2044 gubernat
1133 1994 1278 2034 animus
1299 1994 1487 2032 infirmum

303 2057 450 2102 gerunt.

254 2112 385 2150 Itidem
405 2112 477 2151 illae
494 2111 669 2151 mulieres
688 2117 788 2160 sunt,
808 2113 925 2152 ferme
940 2117 982 2151 ut
999 2112 1118 2162 pueri,
1136 2113 1207 2151 levi
1225 2112 1430 2151 sententia:

254 2172 424 2209 Fortasse
437 2181 552 2208 unum
562 2170 713 2220 aliquod
722 2171 878 2209 verbum
888 2171 985 2210 inter
995 2182 1057 2210 eas
1066 2171 1159 2209 iram
1170 2172 1265 2210 hanc
1271 2171 1484 2210 conciverit.

759 2241 977 2268 nummus.

253 2286 335 2334 Abi,
357 2290 549 2334 Parmeno,
569 2287 679 2335 intro,
696 2299 738 2326 ac
753 2299 812 2326 me
826 2300 965 2326 venisse
983 2290 1124 2328 nuntia.
