1624 2632
230 217 299 256 350
518 222 760 262 HEAUTON
785 226 1167 265 TlMORUMENOS.

752 314 929 341 caumes.

412 356 518 395 Vidin
539 368 607 406 ego
625 363 661 397 te
676 360 788 398 modo
807 372 959 400 manum
977 362 1016 400 in
1031 373 1155 403 smum
1175 363 1259 403 huic
1278 365 1460 404 meretrim

229 417 391 454 inserere
402 418 420 453 ἰ)

780 490 910 518 suus.

442 537 531 574 Acta
545 535 623 574 haec
645 546 706 577 :es
725 542 794 575 est.
815 538 924 576 Perii.

753 607 936 635 CLl‘rlPuO.

915 659 1048 695 Mene?

756 725 934 753 cuneus.

310 815 313 817 ,
1027 775 1131 813 Hisce
1148 776 1277 822 oculis,
1293 787 1338 814 ne
1353 787 1458 824 nega.

229 828 331 866 Facis
354 827 448 867 adeo
475 828 625 878 indigne
653 830 828 879 injuriam
859 831 915 870 illi
927 859 938 876 ‚
968 833 1034 882 qui
1063 844 1136 871 non
1170 834 1353 872 abstineas
1385 846 1460 873 ma-

274 898 389 925 num:
880 909 882 911 -

228 949 319 984 Nam
335 946 434 985 istaec
451 946 602 996 quidem
620 948 843 986 contumelia
862 953 934 996 est,

228 1006 421 1044 Hominem
437 1005 597 1044 amicum
615 1007 780 1057 recipere
796 1007 843 1045 ad
859 1013 908 1051 te,
931 1011 1042 1057 atque
1066 1008 1149 1057 ejus
1178 1010 1336 1048 amicam
1364 1011 1459 1050 suhi·

274 1065 402 1113 gitare.

227 1124 292 1162 Vel
307 1124 388 1162 heri
406 1123 444 1162 in
463 1123 547 1162 vino
566 1134 679 1173 quam
695 1124 939 1164 immodestus
959 1125 1081 1164 fuisti!

777 1195 908 1222 snum.

1036 1245 1199 1282 Factum.

751 1311 929 1339 canemus.

1124 1363 1242 1406 Quam
1260 1362 1457 1400 molestus!

230 1422 272 1458 Ut
287 1419 475 1468 equidem,
495 1422 547 1456 ita
565 1428 626 1456 me
644 1417 683 1455 di
700 1424 840 1461 ament,
861 1418 994 1466 metui,
1013 1418 1103 1468 quid
1124 1419 1289 1457 futurum
1303 1420 1460 1469 denique

274 1483 367 1517 esset
386 1481 394 1516 Ξ

227 1538 317 1577 Novi
334 1548 401 1586 ego
418 1536 621 1574 amantium
644 1536 835 1574 animum:
858 1536 1055 1575 advertunt
1075 1537 1248 1585 graviter,
1273 1549 1356 1587 quae
1386 1550 1458 1577 non

275 1606 439 1635 censeas.

753 1664 937 1691 curuum.

228 1718 273 1753 At
292 1713 385 1752 mihi
403 1712 496 1751 fides
514 1712 614 1762 apud
630 1712 730 1750 hunc
742 1717 812 1759 est,
826 1712 921 1749 nihii
935 1723 995 1751 me
1007 1712 1114 1751 istius
1126 1713 1323 1758 facturum,
1341 1720 1456 1763 pater.

755 1841 949 1869 canens.-

230 1895 314 1930 Esto
336 1904 345 1930 :
366 1895 404 1930 at
418 1894 520 1930 certe
539 1889 718 1929 concedas
735 1889 821 1927 hinc
845 1889 972 1939 aliquo
990 1889 1039 1928 ab
1055 1900 1122 1929 ore
1139 1901 1269 1929 eorum
1295 1892 1458 1941 aliquan·

229 1957 433 2048 Miilltsffi'zi‘t
449 2008 565 2046 libido
587 2021 597 2046 :
619 2018 665 2046 ea
683 2007 806 2045 facere
824 2007 1000 2056 prohibet
1018 2011 1081 2047 tua
1096 2008 1302 2057 praesentia.

229 2071 304 2125 Egc
322 2070 369 2106 de
394 2079 454 2106 me
473 2067 568 2106 facio
592 2067 855 2115 conjecturam.
880 2069 1034 2106 Nemost
1060 2078 1230 2105 meorum
1257 2068 1459 2107 amicorum

229 2128 458 2235 Apluzddz'em
473 2195 557 2234 exp1
588 2195 690 2224 mere
701 2185 826 2223 omnia
838 2195 923 2223 mea
934 2185 1090 2229 occulta,
1101 2184 1279 2234 Clitipho,
1288 2184 1458 2223 audeam.

230 2246 335 2295 Apud
353 2245 469 2283 alium
483 2244 656 2294 prohibet
671 2244 845 2293 dignitas,
864 2244 963 2294 apud
974 2245 1090 2282 alium
1109 2244 1222 2292 ipsius
1235 2245 1319 2282 facti
1331 2244 1458 2293 pudet,

230 2307 283 2344 Ne
302 2305 461 2355 ineptus,
482 2315 528 2344 ne
546 2309 736 2354 protervos
754 2304 908 2342 videar:
928 2304 1029 2352 quod
1048 2303 1155 2341 illum
1169 2304 1291 2342 facere
1304 2303 1457 2342 credito.
