1586 2658
186 210 230 246 ¹8
697 208 902 246 ANDRIA.

184 290 241 328 Sic
252 290 458 338 cogitabam
480 303 489 328 z
510 290 574 329 Hic
591 301 712 340 parva‘,
730 290 1006 329 consuetudinis

185 350 300 386 Causa
318 348 430 397 hujus
449 353 610 387 mortem
628 353 704 387 tam
727 350 799 387 sert
818 348 1079 386 familiariter:

184 407 277 452 Quid
295 407 325 445 si
343 407 421 454 ipse
440 410 624 447 amasset?
639 408 728 463 quid
747 408 806 446 hic
823 408 912 445 mihi
934 408 1040 445 faciet
1060 406 1156 456 patri
1165 408 1187 453 ⁴?

184 469 266 505 Haec
281 477 348 515 ego
372 467 545 516 putabam
564 478 646 506 esse
665 467 790 505 omnia
806 467 958 504 humani
980 466 1102 513 ingeni

184 527 437 575 Mansuetique
456 527 571 565 animi
589 526 724 565 officia.
747 525 842 571 Quid
863 525 989 563 multis
1008 525 1159 563 moror?

185 587 340 634 Egomet
357 596 505 634 quoque
526 585 608 634 ejus
624 595 734 623 causa
753 584 790 622 in
809 584 920 623 funus
938 583 1092 633 prodeo,

185 644 284 682 Nihil
299 644 488 693 suspicans
503 645 615 683 etiam
631 643 733 682 mali.

746 713 863 741 sosu.

742 763 847 805 Hem,
867 760 959 810 quid
977 760 1013 798 id
1030 760 1112 798 est?

754 833 855 861 smo.

771 906 774 909 -
1132 878 1245 917 Scies.

191 943 363 981 Effertur.
385 944 496 979 lmus.
514 943 659 979 Interea
679 940 777 978 inter
794 939 986 986 mulieres,

187 1003 275 1047 Quae
296 1000 345 1038 ibi
362 1001 530 1048 aderant,
551 1000 648 1038 forte
667 1009 778 1037 unam
797 997 935 1047 aspicio
953 995 1283 1044 adulescentulam,

236 1060 402 1098 forma...

747 1127 863 1155 sosm.

378 1180 479 1216 Bona
489 1177 665 1219 fortasse,

757 1245 856 1272 suno.

682 1297 726 1332 Et
741 1294 856 1340 voltu,
875 1293 997 1341 Sosia,

190 1356 290 1395 Adeo
309 1353 492 1398 modesto,
513 1352 607 1391 adeo
626 1357 798 1399 venusto,
820 1356 861 1390 ut
879 1351 932 1389 nil
951 1360 1078 1399 supra.

191 1417 278 1460 Quae
293 1424 408 1463 quum
428 1412 521 1451 mihi
538 1411 734 1450 lamentari
754 1416 887 1460 praeter
906 1414 1047 1448 ceteras

190 1473 276 1510 Visa
294 1476 364 1516 est,
381 1475 420 1510 et
437 1470 524 1521 quia
537 1476 624 1509 erat
642 1471 763 1508 forma
781 1475 915 1519 praeter
933 1474 1076 1508 ceteras

191 1533 352 1570 Honesta
368 1535 405 1569 et
425 1529 584 1575 liberali,
605 1529 738 1567 accedo
756 1529 803 1566 ad
822 1529 1041 1577 pedisequas
1062 1539 1073 1564 :

191 1591 279 1636 Quae
295 1589 355 1635 sit,
376 1599 480 1638 rogo.
500 1591 672 1627 Sororem
692 1598 774 1626 esse
795 1587 899 1625 aiunt
915 1585 1116 1635 Chrysidis,

192 1649 374 1687 Percussit
390 1647 489 1687 illico
507 1647 685 1685 animum.
705 1650 805 1693 Atat,
822 1646 894 1684 hoc
911 1645 1002 1683 illud
1021 1648 1093 1690 est,

192 1707 280 1747 Hinc
295 1708 367 1747 illa:
383 1707 571 1752 lacrumae,
592 1707 671 1745 haec
690 1706 791 1744 illast
808 1704 1075 1743 misericordia.

222 1813 224 1815 ,
747 1775 867 1803 εοειΑ.

192 1828 308 1873 Quam
328 1824 441 1864 timeo
456 1835 631 1874 quorsum
649 1824 796 1863 evadas.
868 1827 870 1829 “

757 1895 857 1922 suno.

200 1986 201 1990 Ἰ
831 1943 955 1978 Funus
968 1938 1118 1978 interim

194 2003 374 2041 Procedit.
396 2002 617 2051 Sequimur:
637 2000 685 2038 ad
703 2000 913 2049 sepulcrum
934 1998 1101 2037 venimus
1115 2009 1128 2036 ε

193 2057 233 2099 1'u
250 2063 373 2110 ignem
392 2060 599 2109 impositast
618 2072 628 2097 ε
649 2059 772 2098 fletur.
793 2060 935 2095 Interea
953 2057 1030 2095 haec
1048 2066 1169 2103 soror,

194 2124 310 2168 Quam
326 2120 412 2166 dixi,
433 2120 479 2157 ad
501 2120 690 2157 flammam
706 2117 856 2156 accessit
870 2116 1154 2166 imprudentiuS,

195 2181 288 2219 Satis
302 2191 385 2218 cum
405 2178 556 2228 periclo.
580 2177 633 2215 lbi
652 2181 732 2215 tum
752 2175 981 2214 exanimatus
999 2173 1213 2222 Pamphilus

230 2310 257 2338 ¹.
272 2321 287 2336 u
301 2309 369 2337 Ricn
381 2318 416 2336 ue
426 2309 493 2345 joue
504 2296 804 2344 mieux'(c’est-a-dire
816 2307 889 2334 u’est
901 2305 965 2341 plus
981 2305 1033 2338 vif,
1047 2305 1111 2341 plus
1120 2302 1228 2338 anime')
1245 2309 1311 2329 sans
1327 2305 1424 2330 outre·
