1586 2658
188 275 256 312 126
699 280 906 317 ANDRIA.

189 356 280 391 Dum
301 355 433 395 studeo
450 356 603 407 obsequi
622 357 706 406 tibi,
726 370 830 408 paene
850 359 961 397 inlust
981 358 1096 397 vitam
1119 357 1223 399 filiae.

758 485 859 514 smo-

188 530 305 626 Imnilo
324 541 424 568 emm
445 542 543 571 nunc
558 543 673 582 quum
701 544 873 571 maxume
899 533 965 572 abs
988 538 1026 572 te
1054 531 1201 582 postulo
1220 534 1331 581 atque
1348 540 1431 579 oro,

239 590 265 627 C
294 599 411 638 reme,

193 649 238 685 Ut
251 647 473 687 heneficium
490 649 613 689 verbis
629 650 763 688 initum
781 650 940 698 dudum,
955 660 1054 688 nune
1070 659 1112 688 re
1127 648 1359 699 comprobes.

722 720 902 747 cnaeus.

188 764 280 803 Vide
290 776 401 814 quam
419 777 569 816 mlquus
578 766 628 806 sis
641 778 716 816 prae
728 768 865 810 studio,
881 768 971 806 dum
982 767 1020 805 ld
1037 767 1191 814 efficias,
1200 766 1301 815 quod
1313 763 1429 815 cupis,

190 828 318 874 Neque
337 827 492 866 modum
510 827 764 876 benignitatis,
783 838 904 877 neque
923 827 1012 876 quid
1032 838 1093 865 me
1113 837 1212 873 ores,
1232 825 1397 875 cogitas:

191 887 283 923 Nam
303 885 335 924 si
354 887 505 935 cogites,
528 888 698 926 remittas
712 887 791 936 jam
811 897 872 925 me
886 896 1043 925 onerare
1057 884 1217 934 injuriis.

758 1015 859 1042 suno.

191 1058 355 1106 Quibus?

720 1133 900 1161 canantes.

334 1179 391 1218 Ah
411 1180 578 1230 rogitas?
598 1181 794 1230 Perpulisti
814 1192 874 1219 me
893 1184 933 1218 ut
947 1178 1090 1218 homini
1106 1177 1399 1225 adulescentulo,

191 1239 231 1275 In
251 1237 324 1276 alio
342 1244 523 1289 occupato
543 1250 689 1288 amore,
708 1239 922 1278 abhorrenti
941 1239 988 1277 ab
1008 1249 1049 1277 re
1067 1237 1209 1285 uxoria,
1245 1245 1249 1258 ¹

192 1297 325 1337 Filiam
343 1300 471 1339 darem
492 1301 531 1339 in
551 1301 788 1346 seditionem,
808 1305 919 1350 atque
938 1300 976 1338 in
993 1301 1153 1338 incertas
1174 1302 1337 1348 nuptias,

192 1358 280 1406 EJ'us
295 1359 422 1398 labore
435 1365 553 1410 atque
573 1361 655 1410 ejus
675 1361 804 1398 dolore
821 1365 932 1409 gnato
953 1365 993 1398 ut
1011 1359 1218 1398 medicarer
1235 1363 1312 1396 tuo.

193 1418 421 1466 impetrasti;
441 1419 578 1469 incepi,
596 1420 685 1457 dum
703 1430 764 1457 res
783 1419 920 1457 tetulit.
942 1421 1046 1457 Nune
1066 1429 1142 1457 non
1161 1417 1262 1456 fert:
1283 1417 1395 1455 feras.

192 1476 296 1515 lllam
312 1476 398 1516 hinc
416 1478 532 1518 civem
545 1489 625 1518 esse
639 1478 764 1517 aiunt:
782 1489 876 1528 puer
889 1481 945 1516 est
962 1480 1072 1517 natus
1086 1487 1178 1516 :nos
1193 1475 1324 1515 missos
1336 1475 1426 1514 faee-

761 1724 862 1754 smo.

194 1773 266 1809 Per
282 1782 351 1821 ego
371 1775 408 1811 te
427 1771 517 1812 deos
537 1783 615 1815 oro,
638 1777 745 1811 utne
764 1773 840 1810 illis
858 1771 1024 1810 animum
1045 1769 1199 1808 inducas
1216 1768 1383 1815 eredere,

195 1830 335 1875 Quibus
352 1831 389 1868 id
409 1843 579 1870 maxume
597 1831 736 1878 utilest,
757 1832 864 1869 illum
886 1841 969 1870 esse
987 1840 1100 1879 quam
1115 1827 1369 1867 deterrimum.

195 1890 414 1938 Nuptiarum
434 1892 551 1940 gratia
567 1891 646 1930 haee
664 1896 750 1929 sunt
768 1891 852 1928 ficta
872 1894 983 1939 atque
998 1889 1144 1938 incepta
1163 1887 1300 1926 omnia.

196 1948 261 1986 Ubi
281 1959 325 1986 ea
343 1960 468 1998 eausa,
483 1950 726 1999 quamobrem
744 1950 823 1988 haee
837 1949 990 1993 faciunt,
1009 1947 1081 1986 erit
1098 1947 1271 1995 adempta
1285 1945 1358 1993 his,
1370 1943 1430 1982 de-

242 2007 376 2046 sinent.

725 2135 904 2163 canemus.

195 2185 327 2222 Erras:
345 2194 431 2222 cum
447 2185 544 2223 Davo
562 2187 710 2233 egomet
729 2183 805 2222 vidi
821 2183 1035 2232 jurgantem
1055 2179 1241 2218 ancillam.

762 2312 863 2340 suto.

1242 2353 1336 2393 Scio.
