1624 2632
264 215 335 253 370
549 213 790 252 HEAUTON
821 212 1215 250 TIMORUMENOS.

266 296 318 332 lta
335 294 402 333 liae
418 304 458 333 re
478 294 517 332 in
530 298 732 342 angustum
748 293 887 342 oppido
908 303 1006 331 nunc
1027 302 1119 331 meae
1135 295 1320 340 coguntur
1333 290 1466 339 copiae,

265 351 340 391 Nisi
358 352 500 402 aliquid
510 351 631 396 video,
646 363 693 390 ne
709 362 790 391 esse
802 351 959 390 amicam
972 350 1069 389 hanc
1078 350 1179 399 gnati
1193 349 1366 388 resciscat
1378 359 1499 387 senex.

266 413 357 450 Nam
370 411 470 460 quod
486 411 533 450 de
550 415 705 459 argento
718 420 866 459 sperem
883 415 947 447 aut
961 419 1069 458 posse
1082 408 1268 458 postulem
1283 419 1342 446 me
1357 406 1502 454 saliere,

265 469 366 510 Nihil
383 474 439 508 est
460 483 470 509 z
491 468 697 519 triumpho,
716 469 747 507 si
768 468 854 508 lieet
874 478 933 507 me
951 468 1068 507 latere
1088 471 1184 506 tecto
1202 466 1415 506 abscedere.

266 529 417 567 Crueior
427 528 555 567 bolum
567 531 712 567 tantum
725 526 819 565 mihi
833 531 1001 576 ereptum
1015 531 1092 565 tam
1104 526 1278 565 desubito
1291 536 1312 564 e
1322 524 1500 563 faucibus.

266 587 360 632 Quid
381 589 514 635 agam?
533 591 597 625 aut
611 586 703 635 quid
718 585 1002 625 comminiscar?
1024 585 1131 624 Ratio
1146 585 1193 623 de
1211 584 1356 632 integro
1372 585 1501 622 ineun-

314 646 397 684 dast
412 645 517 684 mihi.

266 704 367 742 Nihil
385 709 462 743 tam
482 703 682 748 difficilest,
702 703 794 753 quin
811 703 1012 753 quaerendo
1032 702 1244 751 investigari
1264 702 1413 750 possiet.

266 763 376 811 Quid,
393 764 424 802 si
444 764 515 802 hoe
534 762 587 802 sie
611 762 812 812 incipiam?
827 762 926 800 Nihil
952 766 1020 800 est.
1047 762 1158 808 Quid,
1177 761 1304 800 sisic?
1328 763 1503 799 Tantum-

274 857 277 861 ,
313 822 399 860 dem
418 832 545 870 egero.

266 883 312 918 At
330 880 382 919 sic
399 880 544 930 opinor.
566 883 647 919 Non
664 884 799 930 potest.
816 881 931 918 lmmo
947 883 1113 929 optume.
1131 881 1244 927 Euge,
1257 878 1377 916 habeo
1395 882 1503 927 optu-

316 949 427 976 mam.

267 997 469 1036 Retraham
489 997 614 1037 hercle
633 1007 769 1047 opinor
787 997 836 1035 ad
855 1007 916 1036 me
932 996 1032 1035 idem
1049 996 1142 1034 illud
1159 995 1354 1044 fugitivum
1372 1004 1503 1042 argeu-

315 1062 394 1096 tum
412 1061 550 1096 tamen.

739 1150 927 1190 SCENA
954 1150 1032 1189 111.

693 1257 880 1298 CLlN-IA,
908 1222 1079 1290 SYRiJS.

819 1364 955 1391 cumis.

269 1413 377 1451 Nulla
395 1413 488 1451 mihi
505 1424 566 1451 res
586 1412 741 1461 posthac
757 1417 879 1460 potest
894 1412 974 1460 jam
992 1411 1213 1450 intervenire
1230 1416 1344 1451 tanta,

269 1474 357 1517 Quae
371 1471 421 1509 mi
440 1471 698 1521 aegritudinem
714 1471 859 1509 adserat
874 1484 884 1509 z
899 1476 1002 1508 tanta
1019 1471 1096 1508 haec
1116 1470 1242 1508 laetitia
1262 1470 1394 1508 oborta
1410 1475 1477 1507 est.

270 1530 369 1569 Dedo
382 1530 479 1579 patri
498 1540 557 1568 me
576 1541 674 1568 nune
688 1529 782 1578 jam,
803 1533 844 1567 ut
861 1529 1041 1577 frugalior
1055 1528 1126 1567 sim
1141 1539 1253 1578 quam
1272 1528 1361 1566 volt.

356 1680 358 1682 ,
821 1657 893 1685 sn
940 1675 950 1685 .

270 1706 327 1744 Nil
345 1716 404 1744 me
422 1705 555 1744 fefellit
575 1718 585 1744 ε
605 1705 750 1754 cognita
767 1709 837 1753 est,
858 1657 1039 1754 qsffntum
1059 1704 1171 1742 audin
1189 1703 1301 1753 hujus
1321 1704 1446 1742 verba.

243 1770 246 1772 '
271 1767 365 1803 istuc
379 1764 447 1803 tibi
462 1775 504 1803 ex
525 1762 708 1802 sententia
723 1769 784 1802 tua
800 1764 977 1812 obtigisse
997 1763 1114 1802 laetor.

823 1893 962 1920 cmm.

273 1943 302 1980 Ο
319 1941 370 1979 mi
388 1943 491 1990 Syre,
509 1941 645 1980 audisti
665 1941 845 1980 obsecro?

766 2021 770 2029 =
825 2013 954 2040 snus.

815 2061 978 2106 Quidni?
996 2060 1059 2109 qui
1079 2071 1195 2109 usque
1217 2071 1289 2097 una
1306 2057 1503 2098 adfuerim.

815 2122 955 2158 cunm.

275 2179 340 2219 Cui
357 2189 460 2227 aeque
483 2179 620 2217 audisti
634 2178 829 2217 commode
848 2179 1046 2227 quicquam
1065 2178 1259 2216 evenisse?

827 2247 954 2275 simus.

1266 2294 1377 2333 Nulli.
