<?xml version="1.0" encoding="UTF-8"?>
<!DOCTYPE html PUBLIC "-//W3C//DTD XHTML 1.0 Transitional//EN"
    "http://www.w3.org/TR/xhtml1/DTD/xhtml1-transitional.dtd">
<html xmlns="http://www.w3.org/1999/xhtml" xml:lang="en" lang="en">
 <head>
  <title>
</title>
<meta http-equiv="Content-Type" content="text/html;charset=utf-8" />
  <meta name='ocr-system' content='tesseract 3.04.00' />
  <meta name='ocr-capabilities' content='ocr_page ocr_carea ocr_par ocr_line ocrx_word'/>
</head>
<body>
  <div class='ocr_page' id='page_1' title='image "./comdiesdetre01tereuoft_0476.png"; bbox 0 0 1624 2632; ppageno 0'>
   <div class='ocr_carea' id='block_1_1' title="bbox 286 217 1229 255">
    <p class='ocr_par' dir='ltr' id='par_1_1' title="bbox 286 217 1229 255">
     <span class='ocr_line' id='line_1_1' title="bbox 286 217 1229 255; baseline -0.001 -1"><span class='ocrx_word' id='word_1_1' title='bbox 286 219 354 255; x_wconf 68' lang='lat'>414</span> <span class='ocrx_word' id='word_1_2' title='bbox 569 218 808 255; x_wconf 81' lang='lat' dir='ltr'><strong>HEAUTON</strong></span> <span class='ocrx_word' id='word_1_3' title='bbox 843 217 1229 255; x_wconf 81' lang='lat' dir='ltr'><strong>TlMORUMENOS.</strong></span> 
     </span>
    </p>
   </div>
   <div class='ocr_carea' id='block_1_2' title="bbox 278 296 1520 880">
    <p class='ocr_par' dir='ltr' id='par_1_2' title="bbox 283 296 1520 402">
     <span class='ocr_line' id='line_1_2' title="bbox 283 296 1520 346; baseline 0.001 -12"><span class='ocrx_word' id='word_1_4' title='bbox 283 297 355 334; x_wconf 85' lang='lat' dir='ltr'>Sed</span> <span class='ocrx_word' id='word_1_5' title='bbox 385 297 437 335; x_wconf 85' lang='lat' dir='ltr'>ita</span> <span class='ocrx_word' id='word_1_6' title='bbox 467 297 567 335; x_wconf 85' lang='lat' dir='ltr'>dictu</span> <span class='ocrx_word' id='word_1_7' title='bbox 600 302 732 346; x_wconf 87' lang='lat' dir='ltr'><strong>opust,</strong></span> <span class='ocrx_word' id='word_1_8' title='bbox 768 308 799 335; x_wconf 79' lang='grc' dir='ltr'>ει</span> <span class='ocrx_word' id='word_1_9' title='bbox 829 307 889 335; x_wconf 86' lang='lat' dir='ltr'>me</span> <span class='ocrx_word' id='word_1_10' title='bbox 926 296 979 334; x_wconf 79' lang='lat' dir='ltr'>vis</span> <span class='ocrx_word' id='word_1_11' title='bbox 1012 296 1154 335; x_wconf 75' lang='lat' dir='ltr'>salvom</span> <span class='ocrx_word' id='word_1_12' title='bbox 1187 307 1267 335; x_wconf 79' lang='lat' dir='ltr'>esse</span> <span class='ocrx_word' id='word_1_13' title='bbox 1297 301 1336 335; x_wconf 81' lang='lat' dir='ltr'>et</span> <span class='ocrx_word' id='word_1_14' title='bbox 1368 306 1449 335; x_wconf 88' lang='lat' dir='ltr'>rem</span> <span class='ocrx_word' id='word_1_15' title='bbox 1479 298 1520 335; x_wconf 76' lang='lat' dir='ltr'>et</span> 
     </span>
     <span class='ocr_line' id='line_1_3' title="bbox 331 356 460 402; baseline 0 -8"><span class='ocrx_word' id='word_1_16' title='bbox 331 356 460 402; x_wconf 83' lang='lat' dir='ltr'>filium,</span> 
     </span>
    </p>

    <p class='ocr_par' dir='ltr' id='par_1_3' title="bbox 283 414 1017 454">
     <span class='ocr_line' id='line_1_4' title="bbox 283 414 1017 454; baseline -0.001 -1"><span class='ocrx_word' id='word_1_17' title='bbox 283 417 339 453; x_wconf 79' lang='lat' dir='ltr'>Me</span> <span class='ocrx_word' id='word_1_18' title='bbox 357 425 440 453; x_wconf 88' lang='lat' dir='ltr'>mea</span> <span class='ocrx_word' id='word_1_19' title='bbox 453 414 578 453; x_wconf 86' lang='lat' dir='ltr'>omnia</span> <span class='ocrx_word' id='word_1_20' title='bbox 596 415 695 454; x_wconf 86' lang='lat' dir='ltr'>bona</span> <span class='ocrx_word' id='word_1_21' title='bbox 708 414 933 454; x_wconf 80' lang='lat' dir='ltr'>dot1d1xisse</span> <span class='ocrx_word' id='word_1_22' title='bbox 950 415 1017 454; x_wconf 90' lang='lat' dir='ltr'>illi.</span> 
     </span>
    </p>

    <p class='ocr_par' dir='ltr' id='par_1_4' title="bbox 790 486 1018 513">
     <span class='ocr_line' id='line_1_5' title="bbox 790 486 1018 513; baseline 0.004 -1"><span class='ocrx_word' id='word_1_23' title='bbox 790 486 1018 513; x_wconf 64' lang='lat' dir='ltr'>artmannus.</span> 
     </span>
    </p>

    <p class='ocr_par' dir='ltr' id='par_1_5' title="bbox 810 533 1383 632">
     <span class='ocr_line' id='line_1_6' title="bbox 1051 533 1383 582; baseline -0.006 -10"><span class='ocrx_word' id='word_1_24' title='bbox 1051 537 1171 581; x_wconf 86' lang='lat' dir='ltr'><strong>Quam</strong></span> <span class='ocrx_word' id='word_1_25' title='bbox 1186 544 1264 572; x_wconf 92' lang='lat' dir='ltr'>rem</span> <span class='ocrx_word' id='word_1_26' title='bbox 1282 533 1383 582; x_wconf 72' lang='lat' dir='ltr'><strong>agis?</strong></span> 
     </span>
     <span class='ocr_line' id='line_1_7' title="bbox 810 604 988 632; baseline 0 -2"><span class='ocrx_word' id='word_1_27' title='bbox 810 604 988 632; x_wconf 66' lang='lat' dir='ltr'>caumes.</span> 
     </span>
    </p>

    <p class='ocr_par' dir='ltr' id='par_1_6' title="bbox 278 651 1309 758">
     <span class='ocr_line' id='line_1_8' title="bbox 278 651 1309 702; baseline 0.001 -12"><span class='ocrx_word' id='word_1_28' title='bbox 278 652 319 690; x_wconf 83' lang='lat' dir='ltr'>Id</span> <span class='ocrx_word' id='word_1_29' title='bbox 335 652 460 690; x_wconf 85' lang='lat' dir='ltr'>mirari</span> <span class='ocrx_word' id='word_1_30' title='bbox 480 656 516 691; x_wconf 88' lang='lat' dir='ltr'>te</span> <span class='ocrx_word' id='word_1_31' title='bbox 537 651 726 696; x_wconf 79' lang='lat' dir='ltr'><strong>simulato,</strong></span> <span class='ocrx_word' id='word_1_32' title='bbox 746 656 783 690; x_wconf 88' lang='lat' dir='ltr'>et</span> <span class='ocrx_word' id='word_1_33' title='bbox 800 652 906 691; x_wconf 88' lang='lat' dir='ltr'>illum</span> <span class='ocrx_word' id='word_1_34' title='bbox 927 653 999 691; x_wconf 86' lang='lat' dir='ltr'>hoc</span> <span class='ocrx_word' id='word_1_35' title='bbox 1014 652 1173 702; x_wconf 80' lang='lat' dir='ltr'>rogitato</span> <span class='ocrx_word' id='word_1_36' title='bbox 1185 651 1309 696; x_wconf 79' lang='lat' dir='ltr'>simul,</span> 
     </span>
     <span class='ocr_line' id='line_1_9' title="bbox 278 713 746 758; baseline -0.002 -8"><span class='ocrx_word' id='word_1_37' title='bbox 278 713 527 758; x_wconf 81' lang='lat' dir='ltr'><strong>Quamobrem</strong></span> <span class='ocrx_word' id='word_1_38' title='bbox 546 713 586 751; x_wconf 85' lang='lat' dir='ltr'>ld</span> <span class='ocrx_word' id='word_1_39' title='bbox 601 713 746 751; x_wconf 84' lang='lat' dir='ltr'><strong>faciam.</strong></span> 
     </span>
    </p>

    <p class='ocr_par' dir='ltr' id='par_1_7' title="bbox 780 785 1009 811">
     <span class='ocr_line' id='line_1_10' title="bbox 780 785 1009 811; baseline 0.004 -1"><span class='ocrx_word' id='word_1_40' title='bbox 780 785 1009 811; x_wconf 74' lang='lat' dir='ltr'>MENEnEuus.</span> 
     </span>
    </p>

    <p class='ocr_par' dir='ltr' id='par_1_8' title="bbox 572 825 1513 880">
     <span class='ocr_line' id='line_1_11' title="bbox 572 825 1513 880; baseline 0.002 -11"><span class='ocrx_word' id='word_1_41' title='bbox 572 825 576 829; x_wconf 72' lang='grc'><strong>’</strong></span> <span class='ocrx_word' id='word_1_42' title='bbox 597 833 692 878; x_wconf 86' lang='lat' dir='ltr'>Qum</span> <span class='ocrx_word' id='word_1_43' title='bbox 712 843 779 880; x_wconf 86' lang='lat' dir='ltr'>ego</span> <span class='ocrx_word' id='word_1_44' title='bbox 797 843 899 874; x_wconf 90' lang='lat' dir='ltr'>vero,</span> <span class='ocrx_word' id='word_1_45' title='bbox 918 832 1161 880; x_wconf 84' lang='lat' dir='ltr'>quamobrem</span> <span class='ocrx_word' id='word_1_46' title='bbox 1178 830 1217 870; x_wconf 87' lang='lat' dir='ltr'>id</span> <span class='ocrx_word' id='word_1_47' title='bbox 1233 830 1513 880; x_wconf 59' lang='lat' dir='ltr'>faciasmeecio.</span> 
     </span>
    </p>
   </div>
   <div class='ocr_carea' id='block_1_3' title="bbox 277 962 1393 1118">
    <p class='ocr_par' dir='ltr' id='par_1_9' title="bbox 277 962 1393 1118">
     <span class='ocr_line' id='line_1_12' title="bbox 807 962 984 989; baseline 0 -1"><span class='ocrx_word' id='word_1_48' title='bbox 807 962 984 989; x_wconf 64' lang='lat' dir='ltr'>cuneum.</span> 
     </span>
     <span class='ocr_line' id='line_1_13' title="bbox 278 1008 1372 1058; baseline 0.003 -13"><span class='ocrx_word' id='word_1_49' title='bbox 278 1009 428 1055; x_wconf 78' lang='lat' dir='ltr'>Egone?</span> <span class='ocrx_word' id='word_1_50' title='bbox 445 1010 491 1046; x_wconf 83' lang='lat' dir='ltr'>Ut</span> <span class='ocrx_word' id='word_1_51' title='bbox 509 1008 592 1057; x_wconf 86' lang='lat' dir='ltr'>ejus</span> <span class='ocrx_word' id='word_1_52' title='bbox 612 1008 791 1053; x_wconf 87' lang='lat' dir='ltr'>animum,</span> <span class='ocrx_word' id='word_1_53' title='bbox 810 1009 873 1058; x_wconf 83' lang='lat' dir='ltr'>qui</span> <span class='ocrx_word' id='word_1_54' title='bbox 895 1021 991 1047; x_wconf 89' lang='lat' dir='ltr'>nunc</span> <span class='ocrx_word' id='word_1_55' title='bbox 1009 1009 1152 1048; x_wconf 79' lang='lat' dir='ltr'>luxuria</span> <span class='ocrx_word' id='word_1_56' title='bbox 1168 1014 1206 1048; x_wconf 84' lang='lat' dir='ltr'>et</span> <span class='ocrx_word' id='word_1_57' title='bbox 1226 1010 1372 1049; x_wconf 82' lang='lat' dir='ltr'>lascivia</span> 
     </span>
     <span class='ocr_line' id='line_1_14' title="bbox 277 1066 1393 1118; baseline 0.003 -13"><span class='ocrx_word' id='word_1_58' title='bbox 277 1066 434 1115; x_wconf 86' lang='lat' dir='ltr'><strong>Diffluit,</strong></span> <span class='ocrx_word' id='word_1_59' title='bbox 454 1067 668 1116; x_wconf 83' lang='lat' dir='ltr'>retundam,</span> <span class='ocrx_word' id='word_1_60' title='bbox 694 1068 858 1117; x_wconf 82' lang='lat' dir='ltr'>redigam</span> <span class='ocrx_word' id='word_1_61' title='bbox 878 1074 919 1106; x_wconf 87' lang='lat' dir='ltr'>ut</span> <span class='ocrx_word' id='word_1_62' title='bbox 937 1080 1012 1118; x_wconf 86' lang='lat' dir='ltr'>quo</span> <span class='ocrx_word' id='word_1_63' title='bbox 1031 1080 1070 1107; x_wconf 86' lang='lat' dir='ltr'>se</span> <span class='ocrx_word' id='word_1_64' title='bbox 1090 1073 1223 1115; x_wconf 86' lang='lat' dir='ltr'>vortat,</span> <span class='ocrx_word' id='word_1_65' title='bbox 1243 1069 1393 1108; x_wconf 85' lang='lat' dir='ltr'>nesciat.</span> 
     </span>
    </p>
   </div>
   <div class='ocr_carea' id='block_1_4' title="bbox 271 1198 1511 2360">
    <p class='ocr_par' dir='ltr' id='par_1_10' title="bbox 271 1198 1511 2360">
     <span class='ocr_line' id='line_1_15' title="bbox 778 1198 1011 1225; baseline 0 0"><span class='ocrx_word' id='word_1_66' title='bbox 778 1198 1011 1225; x_wconf 66' lang='lat' dir='ltr'><strong>nummus.</strong></span> 
     </span>
     <span class='ocr_line' id='line_1_16' title="bbox 276 1244 495 1294; baseline 0.009 -13"><span class='ocrx_word' id='word_1_67' title='bbox 276 1244 373 1290; x_wconf 86' lang='lat' dir='ltr'>Quid</span> <span class='ocrx_word' id='word_1_68' title='bbox 391 1245 495 1294; x_wconf 73' lang='lat' dir='ltr'><strong>agis?</strong></span> 
     </span>
     <span class='ocr_line' id='line_1_17' title="bbox 390 1311 981 1343; baseline 0.003 -2"><span class='ocrx_word' id='word_1_69' title='bbox 390 1311 392 1314; x_wconf 74' lang='grc'>’</span> <span class='ocrx_word' id='word_1_70' title='bbox 804 1316 981 1343; x_wconf 70' lang='lat' dir='ltr'>caumes.</span> 
     </span>
     <span class='ocr_line' id='line_1_18' title="bbox 490 1364 1421 1413; baseline 0.002 -10"><span class='ocrx_word' id='word_1_71' title='bbox 490 1364 591 1403; x_wconf 87' lang='lat' dir='ltr'>Mitte</span> <span class='ocrx_word' id='word_1_72' title='bbox 609 1377 620 1403; x_wconf 72' lang='grc' dir='ltr'><strong><em>ε</em></strong></span> <span class='ocrx_word' id='word_1_73' title='bbox 639 1364 719 1403; x_wconf 87' lang='lat' dir='ltr'>sine</span> <span class='ocrx_word' id='word_1_74' title='bbox 739 1364 853 1403; x_wconf 90' lang='lat' dir='ltr'>mein</span> <span class='ocrx_word' id='word_1_75' title='bbox 875 1365 942 1403; x_wconf 85' lang='lat' dir='ltr'>hac</span> <span class='ocrx_word' id='word_1_76' title='bbox 958 1376 999 1403; x_wconf 89' lang='lat' dir='ltr'>re</span> <span class='ocrx_word' id='word_1_77' title='bbox 1011 1375 1140 1413; x_wconf 85' lang='lat' dir='ltr'>gerere</span> <span class='ocrx_word' id='word_1_78' title='bbox 1156 1364 1247 1404; x_wconf 86' lang='lat' dir='ltr'>mihi</span> <span class='ocrx_word' id='word_1_79' title='bbox 1267 1376 1421 1405; x_wconf 85' lang='lat' dir='ltr'>morem.</span> 
     </span>
     <span class='ocr_line' id='line_1_19' title="bbox 780 1435 1009 1462; baseline 0 -1"><span class='ocrx_word' id='word_1_80' title='bbox 780 1435 1009 1462; x_wconf 61' lang='lat' dir='ltr'>nannenus.</span> 
     </span>
     <span class='ocr_line' id='line_1_20' title="bbox 1410 1485 1511 1523; baseline 0.01 -1"><span class='ocrx_word' id='word_1_81' title='bbox 1410 1485 1511 1523; x_wconf 88' lang='lat' dir='ltr'>Sino.</span> 
     </span>
     <span class='ocr_line' id='line_1_21' title="bbox 277 1539 474 1578; baseline 0.01 -2"><span class='ocrx_word' id='word_1_82' title='bbox 277 1540 377 1577; x_wconf 84' lang='lat' dir='ltr'>Itane</span> <span class='ocrx_word' id='word_1_83' title='bbox 393 1539 446 1578; x_wconf 86' lang='lat' dir='ltr'>vis</span> <span class='ocrx_word' id='word_1_84' title='bbox 455 1542 474 1578; x_wconf 73' lang='lat' dir='ltr'>‘I</span> 
     </span>
     <span class='ocr_line' id='line_1_22' title="bbox 805 1612 984 1640; baseline -0.006 0"><span class='ocrx_word' id='word_1_85' title='bbox 805 1612 984 1640; x_wconf 72' lang='lat' dir='ltr'><strong>cunnus.</strong></span> 
     </span>
     <span class='ocr_line' id='line_1_23' title="bbox 489 1660 556 1697; baseline 0 0"><span class='ocrx_word' id='word_1_86' title='bbox 489 1660 556 1697; x_wconf 84' lang='lat' dir='ltr'><strong>lta.</strong></span> 
     </span>
     <span class='ocr_line' id='line_1_24' title="bbox 779 1729 1013 1758; baseline 0.009 -2"><span class='ocrx_word' id='word_1_87' title='bbox 779 1729 1013 1758; x_wconf 63' lang='lat' dir='ltr'>ammanus·</span> 
     </span>
     <span class='ocr_line' id='line_1_25' title="bbox 582 1775 675 1815; baseline 0 -1"><span class='ocrx_word' id='word_1_88' title='bbox 582 1775 675 1815; x_wconf 86' lang='lat' dir='ltr'>Fiat.</span> 
     </span>
     <span class='ocr_line' id='line_1_26' title="bbox 804 1846 984 1874; baseline -0.006 0"><span class='ocrx_word' id='word_1_89' title='bbox 804 1846 984 1874; x_wconf 67' lang='lat' dir='ltr'>canens.</span> 
     </span>
     <span class='ocr_line' id='line_1_27' title="bbox 708 1894 1412 1946; baseline 0.006 -14"><span class='ocrx_word' id='word_1_90' title='bbox 708 1898 758 1933; x_wconf 82' lang='lat' dir='ltr'>Ac</span> <span class='ocrx_word' id='word_1_91' title='bbox 772 1894 866 1942; x_wconf 84' lang='lat' dir='ltr'>jam,</span> <span class='ocrx_word' id='word_1_92' title='bbox 887 1906 1039 1934; x_wconf 84' lang='lat' dir='ltr'>uxorem</span> <span class='ocrx_word' id='word_1_93' title='bbox 1055 1899 1096 1934; x_wconf 85' lang='lat' dir='ltr'>ut</span> <span class='ocrx_word' id='word_1_94' title='bbox 1107 1901 1283 1943; x_wconf 82' lang='lat' dir='ltr'>accersat,</span> <span class='ocrx_word' id='word_1_95' title='bbox 1298 1902 1412 1946; x_wconf 80' lang='lat' dir='ltr'>paret.</span> 
     </span>
     <span class='ocr_line' id='line_1_28' title="bbox 278 1951 1291 2003; baseline 0.006 -14"><span class='ocrx_word' id='word_1_96' title='bbox 278 1951 341 1990; x_wconf 85' lang='lat' dir='ltr'>Hic</span> <span class='ocrx_word' id='word_1_97' title='bbox 359 1951 425 2000; x_wconf 85' lang='lat' dir='ltr'>ita,</span> <span class='ocrx_word' id='word_1_98' title='bbox 445 1956 485 1990; x_wconf 91' lang='lat' dir='ltr'>ut</span> <span class='ocrx_word' id='word_1_99' title='bbox 503 1952 639 1991; x_wconf 89' lang='lat' dir='ltr'>liberos</span> <span class='ocrx_word' id='word_1_100' title='bbox 653 1957 709 1991; x_wconf 83' lang='lat' dir='ltr'>est</span> <span class='ocrx_word' id='word_1_101' title='bbox 724 1964 884 2003; x_wconf 83' lang='lat' dir='ltr'>aequom,</span> <span class='ocrx_word' id='word_1_102' title='bbox 906 1954 1012 1993; x_wconf 85' lang='lat' dir='ltr'>dictis</span> <span class='ocrx_word' id='word_1_103' title='bbox 1029 1954 1291 1995; x_wconf 80' lang='lat' dir='ltr'>confutabitur.</span> 
     </span>
     <span class='ocr_line' id='line_1_29' title="bbox 276 2012 508 2060; baseline -0.009 -11"><span class='ocrx_word' id='word_1_104' title='bbox 276 2012 348 2050; x_wconf 88' lang='lat' dir='ltr'>Sed</span> <span class='ocrx_word' id='word_1_105' title='bbox 366 2014 508 2060; x_wconf 76' lang='lat' dir='ltr'>Syrum.</span> 
     </span>
     <span class='ocr_line' id='line_1_30' title="bbox 778 2084 1007 2112; baseline 0 -2"><span class='ocrx_word' id='word_1_106' title='bbox 778 2084 1007 2112; x_wconf 65' lang='lat' dir='ltr'><strong>uwnmzuus.</strong></span> 
     </span>
     <span class='ocr_line' id='line_1_31' title="bbox 512 2130 745 2176; baseline 0.009 -9"><span class='ocrx_word' id='word_1_107' title='bbox 512 2130 606 2176; x_wconf 87' lang='lat' dir='ltr'>Quid</span> <span class='ocrx_word' id='word_1_108' title='bbox 628 2141 713 2169; x_wconf 89' lang='lat' dir='ltr'>eum</span> <span class='ocrx_word' id='word_1_109' title='bbox 724 2132 745 2169; x_wconf 75' lang='lat' dir='ltr'>‘P</span> 
     </span>
     <span class='ocr_line' id='line_1_32' title="bbox 803 2190 980 2230; baseline 0.011 -2"><span class='ocrx_word' id='word_1_110' title='bbox 803 2190 980 2230; x_wconf 68' lang='lat' dir='ltr'>cu&#39;nssurs.</span> 
     </span>
     <span class='ocr_line' id='line_1_33' title="bbox 717 2250 1504 2304; baseline 0.004 -18"><span class='ocrx_word' id='word_1_111' title='bbox 717 2251 839 2297; x_wconf 84' lang='lat' dir='ltr'>Egone</span> <span class='ocrx_word' id='word_1_112' title='bbox 849 2252 868 2286; x_wconf 75' lang='lat'>⁶?</span> <span class='ocrx_word' id='word_1_113' title='bbox 887 2251 924 2287; x_wconf 90' lang='lat' dir='ltr'>Si</span> <span class='ocrx_word' id='word_1_114' title='bbox 945 2251 1042 2298; x_wconf 89' lang='lat' dir='ltr'>vivo,</span> <span class='ocrx_word' id='word_1_115' title='bbox 1055 2250 1150 2289; x_wconf 86' lang='lat' dir='ltr'>adeo</span> <span class='ocrx_word' id='word_1_116' title='bbox 1165 2254 1385 2289; x_wconf 83' lang='lat' dir='ltr'>exornatum</span> <span class='ocrx_word' id='word_1_117' title='bbox 1397 2251 1478 2294; x_wconf 71' lang='lat' dir='ltr'>dau</span> <span class='ocrx_word' id='word_1_118' title='bbox 1495 2299 1504 2304; x_wconf 87' lang='lat'><strong>.</strong></span> 
     </span>
     <span class='ocr_line' id='line_1_34' title="bbox 271 2305 1402 2360; baseline 0.004 -16"><span class='ocrx_word' id='word_1_119' title='bbox 271 2305 375 2345; x_wconf 70' lang='lat' dir='ltr'>Adeo</span> <span class='ocrx_word' id='word_1_120' title='bbox 394 2306 592 2357; x_wconf 88' lang='lat' dir='ltr'>depexum,</span> <span class='ocrx_word' id='word_1_121' title='bbox 609 2311 664 2354; x_wconf 89' lang='lat' dir='ltr'>ut,</span> <span class='ocrx_word' id='word_1_122' title='bbox 678 2308 768 2345; x_wconf 91' lang='lat' dir='ltr'>dum</span> <span class='ocrx_word' id='word_1_123' title='bbox 782 2309 892 2357; x_wconf 79' lang='lat' dir='ltr'>vivat,</span> <span class='ocrx_word' id='word_1_124' title='bbox 906 2309 1118 2348; x_wconf 84' lang='lat' dir='ltr'>meminerit</span> <span class='ocrx_word' id='word_1_125' title='bbox 1132 2320 1282 2360; x_wconf 84' lang='lat' dir='ltr'>semper</span> <span class='ocrx_word' id='word_1_126' title='bbox 1295 2309 1371 2348; x_wconf 84' lang='lat' dir='ltr'>mei</span> <span class='ocrx_word' id='word_1_127' title='bbox 1388 2322 1402 2349; x_wconf 72' lang='lat' dir='ltr'><strong><em>z</em></strong></span> 
     </span>
    </p>
   </div>
  </div>
 </body>
</html>
