1586 2658
193 202 261 239 ¹⁰4
706 211 912 247 Annum.

195 293 291 327 Hane
305 290 355 328 mi
375 290 552 340 expetivi,
571 291 726 341 contigit
743 304 753 330 :
767 291 990 330 conveniunt
1007 299 1130 328 mores
1144 302 1155 327 :
1169 288 1335 335 valeant,

194 349 262 394 Qui
283 349 380 388 inter
392 361 460 389 nos
476 349 673 390 discidium
690 351 820 390 volunt
837 364 846 388 ε
867 351 985 397 hanc,
999 348 1070 388 nisi
1086 359 1208 397 mors,
1220 348 1271 387 mi
1290 347 1433 388 adimet

239 408 365 447 nemo.

299 506 308 509 „
753 479 875 507 usus.

194 524 400 576 Resipisco.

705 597 927 626 ramnus.

307 644 387 683 Non
399 643 583 695 Apollinis
594 645 714 694 magis
729 656 859 684 verum
872 675 881 689 ‚
897 648 1009 693 atque
1025 644 1097 683 hoc
1106 673 1115 690 ,
1130 654 1349 693 responsum
1363 647 1431 682 est.

195 703 231 742 Si
251 704 387 752 poterit
405 704 485 743 fieri
497 734 509 752 ,
530 708 571 743 ut
589 715 635 743 ne
650 708 757 753 pater
772 716 839 755 per
861 715 920 742 me
937 704 1080 742 stetisse
1094 704 1222 742 credat

195 764 274 808 Quo
287 762 410 801 minus
423 763 479 802 hae
492 763 623 802 fierent
635 764 794 813 nuptiae,
816 764 913 802 volo.
934 762 1006 802 Sed
1025 762 1055 800 si
1071 762 1110 800 id
1123 773 1198 800 non
1213 761 1370 811 poterit,

197 822 236 859 ld
253 822 386 860 faciam
397 851 409 870 ,
425 822 461 860 in
480 822 633 872 proclivi
648 823 748 871 quod
765 827 843 870 est,
860 833 928 871 per
946 833 1008 860 me
1026 821 1170 861 stetisse
1190 825 1231 859 ut
1248 819 1390 859 credat.

197 880 286 927 Quis
296 881 425 921 videor
432 884 451 920 ἳ

714 1010 910 1037 emamus.

435 1057 544 1097 Miser
560 1069 665 1108 aeque
676 1087 690 1106 ,
708 1062 819 1107 atque
839 1069 923 1106 ego.

746 1129 877 1156 DAvus.

922 1179 1123 1218 Consilium
1140 1188 1280 1228 quaero.

720 1250 918 1277 efflamus.

1298 1294 1435 1333 Fortis!

572 1405 575 1409 ,
707 1367 927 1396 unvanus·

199 1415 282 1454 Scio
301 1415 391 1464 quid
403 1426 552 1455 conere.

751 1485 885 1514 nnus.

593 1536 666 1573 Hoc
682 1534 832 1583 egotibi
850 1533 1018 1583 profecto
1029 1532 1201 1572 effectum
1220 1529 1389 1569 reddam.

705 1604 926 1632 marmus.

199 1653 277 1690 Jam
296 1652 368 1691 hoc
386 1663 480 1702 opus
497 1657 565 1691 est.

754 1722 888 1751 nnus.

451 1770 546 1817 Quin
563 1770 643 1820 ,iam
662 1770 795 1809 habeo.

723 1840 918 1867 emamus.

699 1889 795 1935 Quid
815 1890 897 1927 est?

752 1959 886 1986 nnus.

807 2007 911 2054 Huic,
931 2016 1007 2044 non
1022 2004 1090 2044 tibi
1106 2003 1243 2052 habeo,
1257 2013 1304 2042 ne
1323 2011 1439 2040 erres.

724 2136 920 2164 CHARINUS·

201 2188 265 2225 Sat
281 2184 421 2225 habeo·

705 2235 924 2283 nummus.

435 2302 530 2348 Quid
549 2302 686 2342 facies?
701 2304 814 2341 Cedo.
