1586 2658
183 161 255 196 138
701 165 910 204 ANDRIA.

185 243 336 289 Domus,
355 253 460 291 uxor,
480 243 588 283 liberi
610 245 748 285 inventi
769 248 884 287 invito
901 254 1019 298 patre.

183 300 339 339 Adducti
358 302 421 350 qui
441 302 543 341 illam
560 304 678 344 civem
700 305 787 345 hine
805 307 929 347 dicant
950 323 959 347 ε
984 309 1127 348 viceris.

691 436 911 464 nummus.

184 479 306 525 Pater,
322 477 454 518 licetne
473 483 616 530 pauca?

751 553 850 582 sum.

634 599 728 645 Quid
748 601 848 640 dices
864 602 982 640 mihi?

712 670 892 699 caumes.

180 715 332 759 Tamen,
353 715 468 763 Simo,
488 717 588 755 audi.

714 824 719 828 .
748 789 848 816 smo.

602 838 676 885 Ego
692 837 867 875 audiam?
884 837 980 883 Quid
999 837 1164 888 audiam,

179 889 364 929 Chreme?

710 965 886 993 canemus.

380 1012 425 1048 At
444 1010 596 1049 tandem
615 1012 715 1050 dicat
731 1013 823 1051 sine.

745 1082 845 1109 smo.

842 1135 917 1180 Age
934 1132 1033 1170 dicat
1050 1146 1060 1171 :
1082 1133 1178 1172 sino.

686 1200 907 1228 nummus.

176 1247 251 1292 Ego
264 1255 324 1295 me
338 1256 462 1284 amare
475 1246 572 1285 hanc
583 1247 718 1285 fateor.
735 1248 771 1285 Si
785 1248 820 1286 id
832 1259 985 1298 peccare
994 1254 1061 1294 est,
1076 1250 1196 1289 fateor
1205 1250 1243 1288 id
1252 1262 1414 1301 quoque.

176 1303 271 1351 Tibi,
288 1309 406 1352 pater,
425 1315 486 1342 me
502 1305 611 1343 dedo.
634 1306 786 1351 Quidvis
803 1307 926 1346 oneris
943 1308 1119 1357 impone:
1138 1308 1295 1358 impera.

177 1361 237 1400 Vis
253 1374 312 1401 me
334 1374 486 1402 uxorem
504 1364 662 1409 ducere,
683 1365 779 1404 hanc
794 1367 996 1406 amittere?
1014 1370 1060 1406 Ut
1079 1372 1224 1417 potero,
1239 1369 1371 1407 feram.
1411 1377 1419 1383 ·

175 1423 247 1459 Hoc
266 1423 379 1461 modo
399 1427 435 1461 te
461 1423 614 1462 obsecro
631 1437 641 1462 ε
663 1428 704 1462 ut
724 1435 772 1463 ne
796 1425 926 1464 credas
951 1437 974 1464 a
995 1437 1056 1465 me
1084 1426 1298 1476 adlegatum
1318 1429 1414 1468 hune

220 1492 358 1519 senem.

174 1540 258 1578 Sine
269 1551 328 1579 me
339 1551 555 1591 expurgem,
561 1545 674 1593 atque
684 1543 791 1582 illum
799 1544 872 1584 huc
881 1555 1009 1584 coram
1019 1545 1216 1584 adducam.

737 1733 838 1761 suto.

1097 1782 1292 1820 Addueas‘?

675 1854 896 1883 nummus.

1167 1902 1264 1947 Sine,
1287 1906 1406 1952 pater.

375 2002 380 2007 ,
700 1972 878 1999 canemus.

170 2017 327 2066 AEquum
345 2019 507 2067 postulat
525 2031 535 2058 :
554 2019 603 2058 da
621 2019 781 2058 veniam.

674 2090 894 2118 pmpmms.

803 2141 889 2178 Sine
906 2142 944 2178 te
962 2139 1034 2178 hoc
1048 2149 1211 2178 exorem.

202 2272 229 2301 ¹.
243 2271 405 2309 L'apologie
413 2271 449 2301 de
461 2272 610 2310 Pamphile
624 2277 667 2302 est
677 2274 771 2311 pleine
781 2275 816 2303 de
827 2274 936 2313 dignit&
949 2277 978 2302 et
989 2274 1025 2302 de
1034 2274 1214 2310 biennum,
1226 2277 1255 2302 et
1267 2282 1303 2302 en
1312 2274 1404 2303 memo
