1586 2658
176 241 240 276 ¹22
681 247 890 285 ANDRM.

717 340 850 367 DAVUS.

166 384 336 424 Paullum
347 383 526 424 interesse
539 396 685 434 censes,
706 398 749 426 ex
770 399 896 427 animo
914 400 1059 434 omnia,

164 445 208 482 Ut
228 443 299 483 fert
315 447 467 493 natura,
488 443 622 493 facias,
641 456 687 483 an
707 446 754 484 de
770 445 976 484 industria?

616 561 798 601 SCENA
828 561 949 601 VIII.

505 657 673 699 CRH'O,
699 658 869 698 MYSIS,
896 658 1064 694 DAVUS.

718 756 840 783 cmro.

164 809 203 845 In
221 806 292 845 hac
309 805 495 844 habitasse
514 804 639 854 platea
657 803 835 842 dictumst
852 803 1067 852 Chrysidem
1079 833 1092 851 ,

164 868 252 911 Quae
266 875 346 903 sese
365 864 558 902 inhoneste
577 862 717 912 optavit
735 873 866 911 parere
885 862 946 900 hic
965 861 1110 900 divitias

164 924 307 970 PotiuS,
329 933 441 972 quam
458 922 496 959 in
514 921 634 971 patria
650 921 804 959 honeste
819 931 960 969 pauper
977 921 1125 959 vivere:

165 983 253 1030 Ejus
267 987 388 1020 morte
403 992 448 1019 ea
466 980 512 1018 ad
530 991 590 1018 me
609 980 691 1028 lege
709 979 899 1018 redierunt
916 979 1025 1018 hona.

165 1041 236 1080 Sed
254 1051 348 1090 quos
365 1043 563 1090 perconter
581 1038 701 1076 video.
721 1038 877 1076 Salvete.

723 1108 841 1136 msls.

901 1155 1058 1194 Obsecro
1070 1183 1081 1201 ,

164 1220 282 1264 Quem
297 1217 431 1256 video?
449 1218 558 1254 Estne
575 1215 636 1254 hic
654 1215 775 1263 Crito,
796 1214 968 1253 sobrinus
985 1215 1202 1265 Chrysidis?

165 1280 197 1316 Is
217 1281 285 1315 est.

717 1344 837 1371 cun-0.

307 1395 336 1432 Ο
351 1392 480 1442 Mysis,
495 1392 606 1431 salve.

723 1461 844 1488 MYSIS.

626 1510 754 1548 Salvus
768 1510 839 1553 sis,
858 1509 973 1549 Crito.

721 1581 843 1608 carro.

164 1631 241 1668 Itan
257 1629 433 1679 Chrysis?
448 1632 552 1667 Hem.

571 1736 574 1738 v
719 1697 842 1725 umis.

577 1748 650 1784 Nos
669 1745 820 1794 quidem
834 1745 897 1795 pol
916 1745 1072 1785 miseras
1090 1743 1264 1796 perdidit.

723 1815 844 1842 muro.

164 1865 260 1912 Quid
279 1867 367 1903 vos?
383 1866 462 1911 Quo
482 1867 588 1914 pacto
607 1862 694 1902 hic?
710 1863 812 1901 Satin
834 1865 961 1902 recte?

719 1992 840 2019 ursis.

986 2042 1132 2080 Nosne?
1148 2042 1207 2081 Sic

162 2103 206 2140 Ut
225 2111 396 2150 quimus,
413 2099 540 2148 aiunt,
556 2098 720 2149 quando,
737 2103 779 2137 ut
796 2098 986 2145 volumus,
1004 2100 1188 2139 nonlicet.

717 2169 840 2196 cmm.

161 2218 255 2264 Quid
271 2217 505 2267 Glycerium?
522 2219 603 2255 Jam
623 2217 682 2256 hio
701 2228 787 2255 suos
808 2219 982 2266 parentes
1001 2216 1168 2265 reperit?

715 2288 837 2316 mrs1s.

161 2336 326 2375 Utinam!
