1624 2632
297 239 368 274 ⁴236
799 241 1020 278 HECYRA.

816 332 1016 359 sosnun.

1063 377 1234 422 Obsecro,
1254 388 1304 415 mn
1324 376 1530 426 Pamphile,

299 437 378 472 Non
400 439 478 473 tute
499 435 773 475 incommodam
790 448 884 484 rem,
905 442 945 474 ut
962 447 1118 486 quaeque
1134 442 1201 481 est,
1230 435 1266 473 in
1289 436 1453 473 animum
1477 436 1531 474 in-

344 493 457 532 duces
475 495 550 544 pali
561 494 594 533 ἵ

300 551 335 589 Si
352 556 477 590 cetera
493 553 545 592 ita
561 557 646 592 sunt
665 558 705 592 ut
723 554 791 600 vis,
814 554 936 602 itaque
953 559 994 593 ut
1009 565 1088 593 esse
1103 563 1174 603 ego
1192 553 1256 592 ina
1274 554 1481 593 existumo:

300 609 346 647 Mi
362 615 485 659 gnate,
506 612 553 650 da
567 612 713 651 veniam
731 613 826 651 hanc
842 613 945 656 mihi,
966 613 1105 652 redduc
1120 613 1233 652 illam.

806 683 1024 711 nummus.

1198 733 1259 769 Vae
1274 731 1410 770 misero
1424 732 1527 770 mihi.

813 800 1015 828 sosnun.

299 847 343 883 Et
365 846 457 884 mih1
474 847 626 896 quidem
644 860 655 886 ε
675 857 763 885 nam
783 847 861 887 baec
879 859 939 886 res
963 859 1037 887 non
1063 859 1185 887 mmus
1213 860 1274 888 me
1299 849 1396 888 male
1421 850 1532 889 habet

346 915 457 953 quam
476 910 528 954 te,
547 910 655 955 gnate
673 905 736 944 mi.

782 1015 966 1055 SCENA
994 1017 1048 1056 ΙΙ.

504 1109 711 1151 LAans,
738 1111 1001 1153 sosTRATA,
1027 1114 1322 1149 PAMPHILUS.

837 1212 988 1240 means.

296 1258 412 1302 Quem
430 1268 514 1296 oum
535 1259 626 1298 istoc
641 1269 852 1298 sermonem
879 1260 1072 1308 habueris,
1089 1262 1218 1310 procul
1240 1261 1326 1300 hmo
1353 1267 1452 1302 stans
1471 1275 1530 1303 ao-

343 1316 438 1365 cepi,
460 1328 563 1356 uxor.

295 1377 389 1413 Istuc
405 1380 460 1415 est
476 1388 622 1426 sapere,
637 1377 701 1426 qui
721 1377 946 1427 ubicumque
962 1389 1055 1427 opus
1069 1378 1118 1417 sit
1132 1378 1296 1417 animum
1312 1380 1430 1429 possis
1444 1381 1529 1420 nec-

342 1439 436 1482 tere3

295 1492 399 1537 Quod
418 1492 631 1532 faciundum
651 1494 699 1534 sit
717 1499 802 1544 post
821 1495 989 1538 sortasse,
1010 1496 1110 1535 idem
1128 1496 1201 1535 hoc
1218 1507 1315 1535 nunc
1330 1498 1360 1535 si
1380 1499 1524 1538 feceris.

762 1557 768 1562 “
811 1566 1010 1593 sosnun.

294 1611 385 1648 Fors
402 1610 480 1649 fuat
495 1612 572 1661 pol.

835 1683 986 1710 uenus.

576 1728 645 1767 Abi
665 1740 728 1767 rus
749 1741 838 1779 ergo
852 1731 964 1770 hinc:
984 1731 1035 1770 ibi
1053 1743 1121 1781 ego
1137 1736 1174 1771 te
1189 1737 1227 1771 et
1242 1738 1282 1772 tu
1299 1745 1359 1773 me
1379 1736 1486 1775 seres.
1550 1728 1554 1733 ¹

811 1859 1009 1887 SOSTRATA.

293 1903 406 1950 Spero
424 1906 580 1942 ecastor.

827 1976 978 2003 LAOEES.

598 2023 613 2059 1
628 2032 716 2071 ergo
734 2022 845 2067 intro,
864 2028 902 2061 et
916 2035 1098 2073 compone
1114 2037 1196 2075 quae
1208 2030 1330 2065 tecum
1343 2029 1451 2068 simul

291 2079 482 2116 Ferantur.
499 2079 591 2118 Dixi.

808 2152 1006 2180 sosnuu.

598 2198 651 2234 lta
669 2201 710 2235 ut
724 2197 849 2246 jubes,
871 2199 1018 2237 faciam.

796 2269 1012 2297 ammaus.

1021 2321 1142 2358 Pater.
