1586 2658
634 387 978 437 PROLOGUS

195 618 307 663 Poeta
327 635 443 676 quum
459 627 622 677 primum
641 625 806 666 animum
826 628 873 666 ad
892 627 1125 666 scribendum
1139 626 1295 678 adpulit,

194 683 233 722 ld
247 683 317 722 sibi
335 687 459 735 negoti
477 686 636 726 credidit
653 687 774 726 solum
790 686 885 734 dari,

194 744 334 792 Populo
352 748 394 783 ut
412 749 615 794 placerent,
633 757 724 795 quas
746 746 891 784 fecisset
908 746 1073 784 fabulas:

194 805 330 841 Verum
347 803 455 843 aliter
472 805 618 844 evenire
634 805 751 843 multo
768 805 960 853 intellegit.

192 864 283 900 Nam
297 862 333 900 in
349 863 510 912 prologis
525 863 733 903 scribundis
747 875 899 913 operam
915 863 1092 913 abutitur,

191 923 271 960 Non
291 922 354 970 qui
374 928 633 971 argumentum
655 929 794 971 narret,
814 923 879 961 sed
898 934 962 972 qui
982 923 1153 962 malevoli

192 980 334 1019 Veteris
353 986 472 1030 poetae
491 982 695 1021 maledictis
713 981 949 1031 respondeat.

191 1041 307 1087 Nunc,
327 1051 438 1089 quam
456 1052 534 1079 rem
553 1041 639 1079 vitio
658 1041 761 1088 dent,
781 1052 905 1090 quaeso
924 1041 1089 1079 animum
1107 1040 1304 1080 advortite.

191 1102 389 1140 Menander
407 1102 493 1141 fecit
511 1103 688 1142 Andriam
705 1107 742 1142 et
757 1102 997 1142 Perinthiam.
1268 1102 1271 1103 ⁷

190 1160 260 1206 Qui
279 1161 455 1200 utramvis
472 1166 572 1200 recte
589 1162 703 1210 norit,
719 1162 849 1200 ambas
864 1162 1021 1200 noverit.

191 1222 271 1257 Non
291 1219 342 1258 ita
362 1220 531 1259 dissimili
547 1226 634 1260 sunt
653 1226 885 1270 argumento,
902 1221 967 1259 sed
986 1225 1110 1259 tamen

191 1277 362 1316 Dissimili
383 1279 550 1319 oratione
566 1284 651 1318 sunt
669 1281 774 1318 factae
793 1291 835 1318 ac
851 1279 949 1318 stilo.

190 1339 277 1383 Quae
296 1348 515 1386 convenere,
536 1339 574 1377 in
589 1339 766 1378 Andriam
787 1350 831 1377 ex
849 1338 1038 1377 Perinthia

190 1398 340 1435 Fatetur
357 1397 601 1446 transtulisse,
620 1402 731 1447 atque
748 1408 854 1435 usum
872 1408 939 1446 pro
956 1397 1043 1435 suis.

190 1455 229 1492 Id
247 1455 308 1494 isti
323 1456 532 1505 vituperant
548 1456 702 1505 factum,
718 1461 829 1506 atque
846 1457 882 1494 in
901 1467 947 1495 eo
966 1456 1156 1505 disputant

181 1510 440 1553 *contaminari
459 1526 532 1554 non
551 1515 684 1554 decere
704 1515 861 1554 fabulas.

190 1574 342 1613 Faciunt
360 1585 416 1612 nae
435 1574 698 1623 intellegendo,
720 1578 762 1612 ut
778 1573 871 1612 nihil
890 1573 1106 1622 intellegant
1126 1586 1136 1610 :

190 1633 258 1679 Qui
277 1644 392 1682 quum
409 1633 506 1672 hunc
524 1638 711 1681 accusant,
727 1634 904 1676 Naevium,
922 1633 1107 1679 Plautum,
1123 1631 1279 1670 Ennium

190 1695 382 1740 Accusant,
397 1703 490 1741 quos
509 1692 568 1730 hic
585 1696 714 1731 noster
732 1696 900 1730 auctores
917 1691 1055 1729 habet:

189 1754 353 1797 Quorum
370 1751 536 1789 :emulari
555 1755 705 1801 exoptat
722 1750 983 1800 negligentiam

191 1810 315 1848 Potius
334 1821 446 1859 quam
466 1810 621 1848 istorum
641 1810 834 1848 obscuram
855 1809 1097 1857 diligentiam.

189 1870 339 1917 Dehinc,
359 1874 400 1907 ut
417 1869 607 1918 quiescant
623 1880 750 1918 porro,
775 1879 926 1916 moneo,
945 1873 983 1907 et
999 1868 1169 1907 desinant

189 1929 421 1976 Maledicere,
441 1929 637 1967 malefacta
656 1940 702 1967 ne
721 1932 874 1966 noscant
892 1939 971 1966 sua.

189 1989 333 2034 Favete,
354 1988 479 2025 adeste
497 1999 603 2036 aequo
620 1988 760 2034 animo,
779 1992 817 2025 et
835 1998 914 2024 rem
934 1985 1156 2035 cognoscite,

189 2048 232 2083 Ut
252 2047 492 2094 pernoscatis,
513 2046 645 2094 ecquid
664 2046 744 2095 spei
761 2046 810 2083 sit
827 2044 1029 2093 reliquum,

190 2104 345 2143 Posthac
363 2115 456 2153 quas
470 2104 580 2142 saciet
597 2105 645 2142 de
665 2105 809 2153 integro
827 2101 1042 2147 comoedias,

187 2164 400 2212 Spectandae
415 2174 462 2201 an
478 2163 666 2212 exigendae
683 2160 760 2199 sint
772 2160 874 2199 vobis
894 2161 1010 2211 prius.

222 2257 366 2291 1..11.ueius
375 2257 518 2286 Lavinius.
530 2260 625 2293 voyez
634 2267 684 2285 sur
694 2265 728 2285 ee
739 2258 832 2293 poem,
843 2255 891 2292 qui
902 2255 976 2284 n'est
988 2255 1053 2292 plus
1063 2263 1156 2284 eonnu
1166 2263 1222 2293 que
1232 2263 1287 2289 pu·
1297 2254 1340 2282 lec
1350 2244 1416 2281 rati-

187 2301 282 2369 lei-ie?⁸
284 2300 320 2327 de
333 2301 468 2328 Terence.
486 2301 590 2327 Fun-11.
607 2300 709 2332 Bothe,
729 2299 896 2327 Poetarum
915 2296 1000 2327 Latii
1014 2299 1205 2326 scen-'comm
1221 2297 1415 2334 fraquman,

186 2349 215 2377 p.
227 2342 260 2368 1‘·
284 2362 290 2368 .
