1624 2632
235 145 303 182 176
746 146 970 183 HECYRA.

235 226 335 263 Eheu
355 235 414 263 me
431 224 622 270 miseram,
638 236 704 264 cur
723 237 797 265 non
810 231 875 265 aut
893 227 994 265 istaec
1010 227 1100 264 mihi

234 287 334 323 AEtas
350 288 388 323 et
405 284 522 322 forma
536 288 608 332 est,
622 289 687 323 aut
705 285 775 324 tibi
788 287 867 325 haec
886 286 1100 325 sententia?

720 419 906 459 SCENA
935 419 990 458 ΙΙ.

501 523 749 566 ΡΑΒΜΕΝΟ,
776 526 1032 560 PHILOTIS.
1059 526 1203 562 SYRA.

760 637 949 664 nummo.

232 684 349 722 Senex
369 684 400 722 si
415 688 557 733 quoeret
570 694 646 732 me,
660 685 774 723 modo
788 686 858 724 isse
878 686 992 724 dicito

231 741 286 779 Ad
303 747 467 791 portum,
488 747 747 793 percontatum
761 745 959 782 adventum
976 743 1173 794 Pamphili.

231 800 351 838 Audin
368 802 458 850 quid
474 801 611 850 dicam,
627 803 744 841 Scirte
755 804 773 839 ἵ)
789 803 825 841 Si
838 808 981 852 quaeret
996 814 1072 850 me,
1090 803 1143 842 uti

232 863 325 900 Tum
339 861 467 901 dicas:
489 862 520 901 si
539 873 612 901 non
626 867 781 912 quaeret,
798 863 922 900 nullus
940 862 1103 901 dixeris:

232 920 331 960 Alias
346 926 388 960 ut
405 922 462 961 uti
480 921 618 972 possim
631 933 743 961 causa
758 923 830 960 hac
848 923 1004 970 integra.

232 979 304 1018 Sed
318 980 452 1020 videon
471 992 540 1030 ego
560 980 761 1019 Philotium
772 983 791 1018 ⁶?
808 981 910 1019 Unde
924 981 1002 1019 haec
1015 980 1192 1019 advenit?

232 1038 402 1088 Philotis,
415 1040 514 1079 salve
531 1039 707 1078 multum.

765 1109 945 1136 rumoris.

709 1159 738 1196 Ο
754 1158 870 1206 salve,
887 1161 1082 1196 Parmeno.

798 1231 908 1258 snm.

232 1279 338 1318 Salve
357 1282 557 1327 mecastor,
574 1281 771 1317 Parmeno.

669 1336 672 1339 ’
762 1349 950 1376 PARMENO.

791 1400 835 1435 Et
852 1400 890 1435 tu
906 1397 1056 1446 edepol,
1072 1399 1174 1446 Syra.

232 1454 401 1504 Philotis,
421 1455 481 1494 dic
494 1455 546 1494 mi
559 1456 622 1494 ubi
639 1460 675 1495 te
690 1456 884 1495 oblectasti
905 1456 1046 1494 tamdiu
1056 1458 1076 1494 ἱ)

601 1566 605 1570 ¹
762 1528 943 1555 rmtoris.

233 1576 381 1614 Minime
395 1575 568 1626 equidem
585 1587 644 1614 me
657 1575 852 1624 oblectavi,
867 1587 949 1625 quae
962 1587 1047 1614 cum
1059 1575 1178 1614 milite

233 1635 452 1674 Corinthum
469 1635 556 1673 hinc
574 1646 657 1673 sum
671 1635 836 1683 profecta
852 1635 1199 1674 inhumanissumo:

234 1693 427 1733 Biennium
444 1694 496 1732 ibi
516 1697 741 1752 perpetuum
757 1694 892 1732 misera
911 1694 1019 1732 illum
1033 1694 1115 1732 tuli.

759 1824 947 1851 PARMENO.

234 1870 373 1920 Edepol
390 1875 426 1909 te
445 1870 674 1909 desiderium
688 1871 918 1909 Athenarum
938 1871 1115 1920 arbitror,

234 1929 448 1974 Philotium,
463 1930 604 1979 cepisse
620 1940 732 1980 saepe,
749 1934 787 1968 et
806 1934 842 1968 te
862 1935 970 1968 tuum

233 1988 437 2028 Consilium
451 1988 707 2028 contemsisse.

761 2059 943 2086 pauoris.

717 2109 797 2145 Non
811 2106 883 2145 dici
901 2109 1043 2156 potest,

233 2169 350 2213 Quam
368 2164 501 2215 cupida
520 2176 622 2203 eram
639 2165 712 2203 huc
729 2165 924 2212 redeundi,
940 2164 1101 2203 abeundi
1122 2175 1145 2202 a
1163 2164 1301 2208 milite,

233 2229 380 2277 Vosque
396 2225 457 2265 hic
476 2224 638 2274 videndi,
656 2226 808 2276 antiqua
826 2231 866 2265 ut
885 2224 1148 2268 consuetudine
