1586 2658
204 214 249 250 38
554 258 558 260 v
716 214 929 254 munla,

205 298 278 334 Nec
296 296 391 334 clam
411 299 448 335 te
467 300 536 344 est,
556 307 670 347 quam
691 297 745 336 illi
763 308 862 336 nunc
882 301 1047 346 utrmque
1064 295 1213 335 inutiles

205 357 247 392 Et
262 355 308 392 ad
326 355 541 404 pudicitiam
559 359 598 395 et
616 355 663 395 ad
684 367 764 395 rem
784 356 976 395 tutandam
992 355 1101 395 sient.

206 416 280 462 Ego
300 418 336 452 te
355 425 423 463 per
442 414 538 454 hanc
553 415 719 454 dextram
739 426 807 454 oro
823 419 861 453 et
879 414 1067 463 ingenium
1083 418 1202 458 tuum,

206 475 275 510 Per
290 476 392 511 tuam
410 473 539 521 fidem,
559 484 699 523 perque
718 473 830 523 hujus
845 472 1083 512 solitudinem

205 533 255 569 Te
271 531 447 578 obtestor,
467 543 514 572 ne
533 532 601 571 abs
618 536 655 571 te
674 533 771 570 hanc
789 542 976 581 segreges,
997 542 1071 571 neu
1089 531 1240 571 deseras
1255 544 1268 571 z

205 589 242 628 Si
261 593 298 629 te
316 590 355 630 in
374 591 541 640 germani
557 591 681 630 fratris
697 590 810 630 dilexi
827 590 920 635 loco,

206 648 287 687 Sive
305 649 384 689 haec
399 654 437 689 te
455 650 576 689 solum
595 661 745 700 semper
763 650 852 689 fecit
870 649 1048 698 maxumi,

206 709 275 746 Seu
296 708 363 747 tibi
382 709 569 758 morigera
589 710 660 748 fuit
675 709 712 747 in
730 709 842 748 rebus
856 709 1039 748 omnibus.

206 769 256 806 Te
274 766 333 806 isti
350 767 467 806 virum
487 768 551 816 do,
571 768 747 817 amicum,
767 772 945 816 tutorem,
966 772 1122 816 patrem.

205 828 306 864 Bona
323 831 449 866 nostra
469 827 548 867 haec
562 827 628 866 tibi
647 827 838 877 permitto,
855 832 892 866 et
907 832 980 865 tuae
995 827 1133 865 mando
1153 826 1247 870 fidei,

205 887 303 924 Hanc
319 887 371 925 mi
384 887 422 925 in
440 898 592 926 manum
608 887 674 925 dat
691 901 699 924 :
723 898 824 926 mors
845 887 1021 925 continuo
1040 886 1157 936 ipsam
1179 890 1347 936 occupat.

206 945 336 995 Accepi
355 950 570 996 :acceptam
587 946 754 985 servabo.

767 1016 888 1043 ursis.

775 1069 828 1104 lta
846 1075 956 1114 spero
974 1064 1140 1114 quidem.

717 1135 935 1163 aurnuns.

204 1184 277 1223 Sed
289 1195 356 1222 cur
367 1187 408 1223 tu
422 1184 502 1223 abis
515 1184 562 1223 ab
573 1183 662 1222 illa?

762 1253 885 1281 ursis„

607 1301 852 1340 Obstetricem
869 1310 1013 1340 acerso.

715 1370 935 1400 nummus.

983 1422 1158 1469 Propera.
1174 1421 1294 1469 Atque
1306 1420 1444 1462 audin!

206 1480 366 1519 Verbum
374 1490 581 1519 unumcave
589 1479 635 1518 de
641 1478 779 1529 nuptiis
783 1493 793 1527 ;
801 1489 847 1517 ne
855 1478 902 1517 ad
911 1477 1088 1517 morbum
1094 1478 1298 1518 hocetiam.

761 1548 884 1576 ursxs.

1301 1600 1440 1639 Teneo.

670 1795 879 1845 ACTUS
910 1795 973 1844 11.

694 1912 874 1953 SCENA
911 1912 943 1952 1.

567 2007 834 2048 CHARINUS,
861 2006 1062 2044 BYRmA.

199 2167 293 2214 Quid
307 2166 361 2206 ais
371 2165 524 2215 Byrria?
536 2167 697 2202 Daturne
710 2115 979 2213 ffffssffigssm
993 2163 1107 2203 hodie
1118 2165 1304 2214 nuptum?

234 2320 264 2349 ί.
278 2329 295 2346 κ
305 2321 377 2347 'l'out
400 2325 434 2346 ee
454 2324 519 2353 que.
528 2315 638 2352 i'esprit
654 2315 805 2352 ajouterait
816 2315 834 2343 ὲ
845 2322 894 2343 ees
913 2313 1033 2351 simplos
1044 2312 1074 2343 εἰ
1086 2314 1254 2344 teuchum
1271 2313 1386 2351 parole·
1399 2322 1436 2345 Ι·
