1624 2632
272 226 343 262 240
778 228 997 266 HECYRA.

274 305 346 343 Etsi
363 305 427 344 tibi
446 316 557 344 eausa
569 309 629 353 est
648 306 695 345 de
714 306 784 345 hac
802 317 842 345 re
861 320 872 345 ι
893 313 1012 345 mater
1029 312 1064 346 te
1085 308 1258 358 impulite

272 363 361 402 Huic
373 375 462 403 vero
475 364 576 403 nulla
592 368 661 403 est,
877 400 880 401 γ

813 433 963 461 ιΔεηῑε.

673 482 889 530 opportune
910 486 946 519 te
961 482 1067 524 mihn,

272 538 496 588 Phidippe,'
486 549 524 577 111
543 538 624 588 ipso
640 544 810 588 tempore
823 538 1001 577 ostendis.

783 608 987 636 rmmrrus.

1029 655 1121 702 Quid
1137 662 1192 695 cst
1203 659 1223 694 ?

780 724 998 752 nummus.

271 772 366 818 de
383 772 617 822 respondebo
637 772 722 810 his?
741 775 812 810 Aut
830 784 906 821 quo
926 778 1030 821 pacto
1052 774 1122 811 hoc
1140 775 1333 823 aperiam?

814 842 965 869 means.

271 892 334 928 ch
350 890 433 928 filiae
452 901 516 928 rus
531 899 787 927 concessuram
814 890 899 928 hinc
915 891 1118 928 Sostratam
1138 905 1148 929 :

271 951 323 988 Ne
339 952 562 992 revereatur,
584 946 708 986 minus
725 947 802 996 ,iam
823 959 898 997 quo
918 948 1046 986 redeat
1061 948 1230 990 domun..

784 1075 989 1103 Pmmrpus.

1236 1125 1316 1164 Ah!

269 1185 414 1223 Nullam
431 1184 478 1222 de
496 1184 556 1222 his
568 1183 680 1222 rebus
699 1183 846 1232 culpam
864 1183 1086 1221 commeruit
1106 1189 1167 1221 tua
1186 1197 1196 1222 :

270 1248 297 1282 Α
318 1243 504 1293 Myrrhina
521 1243 598 1281 haee
613 1247 698 1280 sunt
718 1253 802 1280 mea
819 1252 930 1279 uxore
949 1247 1076 1280 exorta
1091 1242 1244 1282 omnia:

775 1311 995 1337 nupturus.

270 1361 420 1400 Mutatio
438 1360 492 1398 fit.

779 1428 985 1455 Pmmprus.

504 1478 554 1514 Ea
568 1486 637 1514 nos
649 1475 856 1524 perturbat,
875 1476 1007 1514 Lache.

775 1545 995 1572 nummus.

269 1597 361 1633 Dum
381 1604 428 1632 ne
442 1593 641 1641 reducam3
663 1594 814 1631 turbent
833 1603 959 1642 porro,
977 1603 1091 1641 quam
1108 1593 1233 1632 velint.

781 1721 988 1749 pmmrrus.

269 1775 356 1819 Ego,
374 1769 581 1819 Pamphile,
602 1780 681 1807 esse
698 1769 794 1807 inter
813 1780 897 1816 nos,
915 1770 945 1807 si
967 1770 1046 1807 fier1
1062 1773 1197 1817 potest,

269 1831 505 1867 Adtinitatem
525 1828 620 1866 hanc
643 1839 730 1866 sane
749 1832 967 1876 perpetuam
985 1829 1068 1866 volo
1091 1841 1101 1866 :

268 1889 327 1927 Sin
348 1893 418 1935 est,
435 1892 476 1926 ut
493 1887 600 1925 aliter
614 1892 679 1925 tua
695 1888 764 1925 siet
783 1889 981 1935 sententia,

268 1952 433 1996 Aecnplas
452 1957 620 1996 puerum.

681 2037 685 2042 .
779 2015 998 2042 mupmms.

645 2063 765 2102 Sensit
780 2063 969 2112 peperisse
985 2061 1141 2100 mucidi.

811 2132 960 2159 meurs.

269 2185 425 2221 Puerum
437 2184 454 2219 ἱ)
473 2183 588 2227 Quem
606 2191 765 2230 puerum
775 2182 794 2217 ἵ

782 2248 986 2277 rmmrrus.

805 2300 918 2336 Natus
935 2299 994 2334 est
1014 2294 1120 2333 nobis
1131 2305 1247 2344 nepos
1261 2305 1275 2333 z
