1586 2658
193 228 242 267 52
708 231 917 285 Annum.

745 322 877 350 nnus.

594 373 722 410 Moneo
739 385 748 410 :
765 372 907 410 inter-ca
920 371 1073 411 introire
1084 372 1273 411 neminem

193 429 309 468 Video
321 458 333 477 ‚
351 439 452 468 exure
471 429 658 469 neminem
681 444 690 469 :
711 435 919 469 matronam
936 431 1079 470 nuliam
1099 432 1137 470 in
1155 431 1320 479 aedibus,

194 487 298 526 Nihil>
310 488 454 533 ornati,
474 488 568 527 nihil
585 489 736 528 tumulti
753 503 761 527 :
778 489 915 528 accessi
932 502 942 528 :
962 489 1062 530 intro
1080 490 1219 540 aspexi.

701 559 923 587 nummus.

1241 606 1338 647 Scio.

194 665 365 714 Magnum
382 664 542 714 signum.

745 736 878 764 nnus.

557 785 654 822 Num
667 783 840 823 videntur
852 785 1049 824 convenire
1063 785 1142 825 haec
1155 784 1322 835 nuptiis?

481 872 484 875 r
701 855 923 883 nummus.

194 903 275 940 Non
291 901 450 951 opinor,
469 903 580 940 Dave.

745 973 880 1001 nnus.

588 1019 730 1069 opinor
747 1023 905 1060 narras?
922 1023 1002 1059 Non
1022 1025 1125 1060 recte
1142 1021 1291 1071 accipis.

193 1080 303 1116 Certa
315 1088 376 1117 res
388 1082 456 1117 est.
471 1078 592 1118 Etiam
612 1090 770 1128 puerum
786 1080 872 1119 inde
886 1079 1014 1119 abiens
1030 1080 1186 1119 conveni
1204 1080 1375 1128 Chremi,

193 1137 305 1177 Olera
317 1141 355 1176 et
367 1137 563 1186 pisciculos
577 1138 741 1178 minutos
755 1138 853 1178 ferre
871 1139 981 1178 obolo
994 1139 1032 1177 in
1048 1150 1179 1179 cenam
1197 1150 1289 1178 sem.

712 1267 910 1297 cummim.

196 1313 388 1353 Liberatus
405 1325 488 1353 sum
504 1314 639 1364 hodie,
658 1317 774 1361 Dave,
795 1321 860 1355 tua
877 1326 1005 1366 opera.

746 1386 880 1414 nnus.

1012 1438 1058 1473 At
1076 1434 1202 1474 nulius
1218 1434 1383 1484 quidem.

717 1504 910 1532 efflamus.

194 1550 292 1596 Quid
309 1551 388 1589 ita?
404 1553 545 1601 Nempe
564 1552 652 1591 huic
670 1563 823 1601 prorsus
840 1553 945 1592 illam
963 1563 1040 1592 non
1053 1551 1130 1591 dut.

749 1682 883 1711 mvus.

1078 1729 1287 1768 Ridiculum
1304 1733 1431 1778 caput!

195 1788 307 1832 Quasi
324 1797 476 1826 necesse
487 1787 556 1836 sit,
573 1787 605 1827 si
620 1787 708 1827 huic
723 1800 796 1828 non
814 1790 900 1839 dat,
920 1794 957 1829 te
977 1789 1082 1828 illam
1100 1799 1254 1828 uxorem
1266 1788 1402 1828 ducere
1423 1802 1433 1827 :

194 1845 270 1884 Nisi
289 1845 415 1895 vides,
431 1846 502 1885 nisi
520 1847 619 1886 senis
639 1848 778 1888 amicos
793 1860 904 1897 oras,
923 1848 1058 1888 ambis.

716 1918 909 1947 emamus.

1079 1968 1178 2005 Bene
1195 1977 1336 2005 mones.

195 2021 258 2062 lbo
280 2036 291 2062 ε
308 2023 378 2062 etsi
393 2023 516 2063 hercle
535 2035 632 2075 saepe
646 2025 728 2076 jam
741 2037 802 2066 me
820 2036 906 2078 spes
922 2026 1002 2066 haec
1019 2026 1197 2065 frustrata
1214 2030 1284 2065 cst.
1304 2026 1395 2064 Vale

188 2156 194 2174 ἱ
