1586 2658
219 207 285 244 ¹02
728 216 942 254 ANDRIA.

770 309 904 342 navus·

812 360 859 395 At
871 357 951 407 jam
965 358 1038 398 hoc
1051 358 1119 398 tibi
1138 359 1327 398 inventum
1342 358 1455 397 dabo.

702 473 888 514 SCENA
916 475 973 515 ΙΙ.

345 565 510 609 ΜΥ818,
538 569 835 612 PAMPHILUS,
863 572 1135 615 CHARINUS,
1162 574 1332 608 DAVUS.

778 673 900 701 mss.

218 715 298 752 Jam
317 715 446 755 ubiubi
462 717 554 766 erit,
574 719 763 758 inventum
777 721 846 759 tibi
865 721 1023 768 curabo,
1042 727 1080 762 et
1095 734 1240 762 mecum
1258 723 1458 763 adductum

219 775 339 811 Tuum
362 776 599 825 Pamphilum
622 791 632 816 :
650 783 691 817 tu
710 780 844 827 modo,
865 780 988 820 anime
1010 781 1084 828 mi,
1102 782 1180 821 noli
1199 787 1236 821 te
1255 793 1457 822 macerare.

729 909 950 938 nummus,

219 949 341 1000 Mysis.

782 1026 903 1054 ursts.

362 1071 451 1117 Quis
464 1074 548 1112 est?
562 1073 678 1112 Ehem
691 1075 907 1125 Pamphile,
922 1081 1132 1127 opportune
1150 1083 1189 1117 te
1205 1078 1299 1116 mihi
1312 1078 1434 1116 offers.

727 1145 950 1174 PAanLUS.

1274 1195 1369 1241 Quid
1382 1197 1462 1234 est?

780 1265 903 1291 ursis.

222 1308 336 1346 Orare
348 1308 459 1357 jussit
472 1337 485 1357 ,
505 1308 536 1347 si
555 1320 595 1348 se
614 1321 738 1357 ames,
761 1311 864 1354 hera,
882 1313 961 1360 jam
977 1315 1019 1351 ut
1037 1312 1086 1350 ad
1101 1323 1142 1352 se
1159 1311 1286 1352 venias
1303 1327 1314 1351 ε

223 1367 358 1405 Videre
377 1366 429 1405 ait
444 1371 482 1406 tc
495 1379 646 1418 cupere.

730 1440 947 1467 PAMPmLUS.

656 1487 735 1525 Vah
747 1517 759 1535 ‚
776 1487 868 1537 perii
885 1501 895 1526 ε
914 1488 984 1526 hoc
997 1488 1135 1527 malum
1152 1487 1378 1537 integrascit.

223 1543 363 1582 Siccine
375 1555 436 1582 me
447 1548 560 1594 atque
571 1544 674 1584 illam
688 1557 804 1595 opera
823 1551 886 1585 tua
899 1558 997 1585 nunc
1009 1547 1163 1586 miseros
1180 1548 1369 1587 sollicitari
1378 1551 1399 1586 ἵ

222 1606 314 1641 Nam
331 1602 469 1642 idcirco
484 1604 672 1652 adcersor,
693 1605 842 1654 nuptias
861 1606 962 1655 quod
982 1607 1034 1644 mi
1051 1606 1226 1657 adparari
1240 1608 1367 1646 sensit.

747 1735 941 1762 emamus.

223 1779 364 1826 Quibus
382 1780 535 1830 quidem
548 1792 662 1831 quam
676 1782 785 1820 facile
799 1786 974 1832 potuerat
985 1782 1146 1832 quiesci,
1165 1783 1197 1821 si
1213 1783 1274 1822 hic
1288 1784 1463 1834 quiesset.

770 1854 904 1881 nAvus.

222 1903 318 1948 Age,
338 1899 369 1938 si
387 1899 449 1939 hic
464 1910 540 1938 non
552 1899 687 1939 insanit
705 1901 793 1939 satis
805 1912 871 1939 sua
887 1900 1021 1950 sponte
1031 1930 1046 1950 ,
1062 1901 1209 1950 instiga.

783 1971 906 1999 mms.

1197 2022 1316 2068 Atque
1330 2020 1466 2072 edepol

224 2079 275 2114 Ea
291 2086 352 2114 res
365 2080 422 2115 est
439 2079 738 2126 :proptereaque
751 2088 850 2116 nunc
868 2076 1003 2116 misera
1020 2077 1060 2116 in
1077 2088 1236 2117 moerore
1253 2084 1321 2118 est.

735 2149 954 2177 nummus.

1335 2199 1465 2248 Mysis,

225 2257 297 2293 Per
313 2264 444 2294 omnes
459 2254 676 2306 tibi-adjuro
690 2256 780 2295 deos
790 2287 800 2302 ,
816 2267 1020 2306 numquam
1034 2267 1119 2295 eam
1131 2267 1192 2295 me
1204 2256 1439 2297 deserturum
1451 2272 1465 2307 ς

223 2316 325 2361 Non,
340 2312 372 2352 si
382 2312 586 2363 capiundos
603 2315 698 2353 mihi
711 2316 825 2355 sciam
839 2326 920 2355 esse
938 2315 1110 2355 inimicos
1130 2326 1261 2355 omnes
1280 2316 1463 2356 homines.
