1624 2632
223 233 294 269 204
728 226 949 263 HECYRA.

232 311 251 330 0
729 314 950 342 nunninus.

225 365 319 412 Quid
335 365 454 403 morbi
472 365 554 403 est?

746 431 930 458 nummo.

557 478 699 519 Nescio.

733 547 951 575 nummus.

698 595 819 642 Quid?
835 598 975 633 Nemon
993 594 1178 635 medicum
1198 596 1374 634 adduxit?

748 665 932 693 mmmm.

1318 716 1459 752 Nescio.

737 786 957 814 nummus.

228 840 335 876 Cesso
349 835 435 876 hinc
451 847 505 874 ire
516 834 631 882 intro,
647 838 689 872 ut
701 834 772 872 hoc
785 834 1077 882 quamprimum,
1091 833 1265 882 quicquid
1278 838 1347 875 est,
1362 837 1463 871 certo

277 896 416 934 sciam?

229 958 396 1001 Quonam
413 953 539 1001 modo,
553 952 770 991 Philumena
789 963 886 999 mea,
899 963 997 990 nunc
1009 955 1044 989 te
1058 952 1240 990 offendam
1254 951 1463 988 adfectam?

229 1017 321 1052 Nam
338 1014 369 1052 si
388 1012 568 1062 periclum
584 1011 702 1049 ullum
719 1011 755 1048 in
774 1015 810 1048 te
826 1011 935 1057 inest,
951 1010 1088 1059 perisse
1108 1021 1168 1048 me
1190 1021 1262 1048 una
1281 1010 1380 1047 haud
1395 1010 1463 1048 du-

278 1073 379 1110 bium
404 1075 474 1110 est.

750 1139 932 1166 mxumo.

230 1194 309 1229 Non
329 1201 416 1228 usus
436 1189 532 1226 facto
548 1191 603 1225 est
617 1187 708 1224 mihi
728 1198 824 1225 nunc
842 1188 939 1225 hunc
958 1187 1056 1225 intro
1074 1187 1201 1236 sequit

231 1253 320 1288 Nam
339 1248 473 1286 invisos
492 1246 612 1285 omnis
631 1257 696 1283 nos
715 1256 795 1283 esse
813 1246 885 1283 inis
903 1246 1035 1284 sentio.

230 1309 313 1347 Heri
333 1317 442 1345 nemo
462 1304 574 1343 voluit
592 1306 791 1342 Sostratam
810 1305 906 1342 intro
925 1304 1135 1343 admittere.

231 1370 266 1406 Si
284 1368 379 1404 forte
399 1364 552 1403 morbus
570 1362 730 1412 amplior
749 1363 867 1400 factus
885 1363 968 1410 siet,

231 1426 336 1472 Quod
351 1435 438 1462 sane
458 1422 588 1469 nolim,
608 1432 780 1460 maxume
800 1422 878 1459 heri
897 1433 1007 1460 causa
1029 1422 1123 1470 mci3

231 1487 382 1523 Servum
400 1482 497 1520 illico
516 1480 702 1519 introiisse
720 1481 843 1518 dicent
859 1482 1043 1528 Sostratae,

231 1543 377 1592 Aliquid
395 1541 521 1579 tulisse
540 1538 861 1577 comminiscentur
879 1539 967 1576 mali

233 1603 350 1651 Capiti
369 1606 479 1649 atque
498 1599 596 1637 aetati
612 1598 774 1646 illorum,
793 1598 943 1636 morbus
957 1599 1022 1646 qui
1040 1603 1168 1636 auctus
1182 1598 1242 1637 sit.

233 1664 327 1700 Hera
345 1661 383 1698 in
400 1660 540 1698 crimen
563 1657 697 1705 veniet,
715 1668 784 1706 ego
805 1667 891 1695 vero
913 1657 950 1694 in
970 1668 1143 1705 magnum
1167 1659 1319 1696 malum.

714 1770 897 1810 SCENA
934 1771 985 1810 ΙΙ.

422 1867 681 1906 SOSTRATA‚
709 1866 955 1906 PARMENO,
982 1867 1275 1903 PAupfflLUS.

749 1965 951 1993 som-iun..

235 2015 364 2055 Nescio
385 2014 474 2063 quid
490 2013 713 2063 ,iamdudum
733 2013 844 2051 audio
863 2014 924 2052 hic
941 2014 1158 2053 tumultuari
1177 2015 1310 2054 misera
1323 2029 1336 2055 ε

237 2074 330 2113 Male
351 2078 475 2111 metuo
491 2084 537 2112 ne
561 2071 786 2114 Philumenae
803 2072 918 2120 magis
938 2073 1090 2111 morbus
1107 2073 1366 2122 adgravescat:

236 2132 342 2180 Quod
361 2137 409 2174 te,
428 2131 626 2179 AEsculapi,
646 2136 683 2169 et
702 2135 751 2169 te.
774 2130 895 2179 Salus,
913 2142 960 2169 ne
979 2131 1070 2181 quid
1085 2132 1133 2171 sit
1148 2133 1274 2182 hujus,
1291 2144 1373 2173 oro.

238 2195 340 2230 Nunc
359 2191 406 2229 ad
423 2201 506 2229 eam
528 2190 654 2228 visam.

759 2260 942 2287 mmmm.

666 2309 772 2355 Heus,
792 2310 967 2346 Sostrata.
1011 2338 1014 2351 2
