1624 2632
245 201 316 240 398
531 201 773 238 HEAUTON
802 200 1193 238 TIMORUMENOS.

775 292 869 319 eumz
898 292 955 320 fis.

347 362 350 365 >
1025 343 1104 379 Jam
1124 339 1262 378 obiitus
1279 351 1333 384 es,

245 400 343 438 Inter
359 409 427 437 nos
448 397 537 447 quid
554 397 601 437 sit
613 398 754 437 dictum
770 397 818 436 de
837 398 998 447 fallacia,

245 458 292 496 Ut
305 468 350 504 ea
365 457 424 494 via
435 457 500 495 abs
517 460 554 495 te
574 460 767 505 argentum
786 456 1021 496 auferretur?

748 527 978 554 insumatis.

1052 571 1146 610 Scio.

773 642 950 669 canemus.

247 691 299 728 Ea
315 700 375 728 res
394 699 492 728 nunc
509 689 630 738 agitur
645 690 738 740 ipsa.

751 760 981 786 mantuanus.

755 807 851 853 Quid
872 818 1015 854 narras,
1035 807 1221 846 Chreme?

248 867 363 904 Immo
382 866 459 905 haec
473 865 624 915 quidem
640 876 723 915 quae
743 865 843 915 apud
863 876 923 903 me
942 870 1013 913 est,
1031 865 1251 915 Clitiphonis
1269 869 1326 904 est

248 925 386 963 Amica.

777 994 957 1020 canens.

403 1043 456 1080 lta
474 1041 578 1080 aiunt
598 1054 608 1080 :
629 1045 668 1080 et
685 1047 726 1080 tu
745 1041 894 1079 credis?

750 1111 979 1138 nannenus.

908 1158 1054 1196 Omnia.

778 1234 956 1261 cunnus.

250 1284 294 1321 Et
306 1281 410 1320 illam
430 1281 535 1320 aiunt
546 1281 642 1319 velle
662 1292 831 1329 uxorem,
852 1287 906 1328 ut,
919 1292 1035 1330 quum
1055 1281 1335 1331 despondenm,

249 1341 332 1386 Des,
357 1338 421 1387 qui
447 1349 577 1376 aurum
600 1349 643 1376 ac
666 1343 806 1376 vestem
830 1342 941 1386 atque
967 1338 1042 1375 alia
1061 1348 1144 1386 quae
1161 1349 1254 1387 opus
1276 1342 1361 1376 sunt
1382 1350 1480 1378 com-

299 1402 417 1446 paret.

749 1466 980 1494 nummus.

250 1515 289 1553 ld
307 1519 346 1555 et
386 1514 551 1564 profecto
570 1527 581 1553 ε
600 1513 639 1552 id
655 1514 783 1552 amieae
803 1514 967 1552 dabitur.

776 1584 955 1612 cunnum.

981 1629 1126 1670 Scilicet

248 1693 317 1729 Dat
344 1693 446 1729 rum!

749 1760 982 1788 MENEDEMUS.

455 1808 526 1852 Ah,
546 1806 685 1845 frustra
703 1818 786 1845 sum
804 1807 915 1855 igitur
928 1807 1072 1856 gavisus
1088 1807 1213 1847 miser.

249 1865 398 1913 Quidvis
414 1870 536 1904 tamen
555 1866 633 1914 jam
654 1866 769 1914 malo,
785 1877 896 1915 quam
912 1866 1011 1904 hunc
1026 1867 1209 1905 amittere.

249 1926 343 1972 Quid
359 1936 456 1963 nunc
471 1925 680 1963 renuntiem
701 1925 770 1963 abs
789 1930 826 1963 te
843 1936 1077 1975 responsum,
1097 1926 1272 1974 Chreme,

248 1988 301 2024 Ne
314 1985 450 2023 sentiat
468 1994 529 2022 me
547 1983 718 2032 sensisse,
739 1988 850 2033 atque
869 1995 966 2032 aegre
982 1984 1080 2023 ferat
1092 1986 1112 2022 ἵ

777 2054 954 2082 canemus.

250 2105 384 2152 AEgre?
400 2101 564 2141 Nimium
580 2100 651 2150 illi,
670 2102 900 2149 Menedeme‚
918 2101 1102 2151 indulges.

748 2173 978 2200 insumimus.

1119 2218 1205 2257 Sine
1218 2231 1232 2257 ε

260 2283 468 2327 nceptumst
485 2291 495 2317 z
517 2278 655 2328 perfice
674 2278 745 2318 hoc
763 2279 856 2317 mihi
873 2283 1067 2329 perpetuo,
1086 2276 1256 2317 Chreme.
