1586 2658
164 202 214 241 74
674 204 880 244 ANanA.

730 295 831 324 snio.

169 340 253 380 nihi
271 341 491 391 quisquam?

721 413 855 440 nAvus.

494 457 575 498 Eho
589 468 637 498 un
655 462 735 498 tute
754 459 935 499 intellexti
951 460 1022 500 hoc
1037 460 1276 501 adsimulat-i?

731 587 833 616 sino.

1223 638 1399 678 Inrideor.

714 705 863 734 num..
905 709 908 710 ⁷

167 750 468 791 Renunciatumst
485 764 496 791 ε
516 762 604 792 nam
625 752 691 802 qui
709 752 808 792 ismc
826 753 895 793 tibi
909 752 1038 794 incidit
1056 755 1243 806 suspicio?

733 881 832 910 snio.

164 927 258 974 Qui?
274 928 362 978 quia
379 933 415 967 te
435 939 579 968 noram.

720 1001 853 1028 nnus.

591 1047 704 1094 Quasi
722 1051 761 1086 tu
781 1049 895 1097 dicas,
915 1049 1055 1089 factum
1072 1049 1112 1089 id
1129 1051 1282 1091 consilio
1301 1063 1399 1092 meo.

280 1152 284 1156 .
728 1118 829 1146 snm.

162 1165 269 1203 Certe
288 1163 386 1203 enirn
408 1164 500 1203 scio.

712 1235 841 1263 nnus.

443 1285 523 1321 Non
539 1281 628 1321 satis
642 1292 704 1320 me
719 1285 886 1331 pernosti
898 1283 1028 1332 etiam,
1046 1285 1167 1335 qualis
1182 1287 1269 1335 sim,
1282 1288 1397 1327 Simo.

731 1353 832 1381 sino.

162 1402 261 1449 Egon
279 1403 316 1440 te
325 1402 345 1438 ‘i

711 1470 845 1497 nnus.

359 1517 443 1563 Sed,
464 1516 599 1567 siquid
619 1526 773 1555 narrare
789 1517 941 1567 oceoepi‚
959 1519 1134 1559 continuo
1149 1521 1232 1561 dari

154 1568 239 1615 v'ribi
259 1576 370 1615 verba
384 1587 524 1615 censes.
1148 1577 1151 1581 ⁴

727 1646 824 1674 suso.

536 1694 656 1733 Falso.

708 1764 842 1791 nnus.

653 1814 780 1860 ltaque
793 1812 919 1850 hercle
934 1813 988 1851 nil
997 1813 1078 1862 Jam
1091 1816 1244 1855 muttire
1259 1817 1394 1857 audeo.

726 1881 827 1909 smo.

158 1931 231 1966 Hoc
250 1938 318 1977 ego
336 1926 412 1967 scio
432 1938 563 1972 unum,
582 1928 772 1967 neminem
787 1940 977 1979 pepensse
994 1930 1071 1969 hic.

710 1999 844 2027 navus,

1116 2050 1311 2090 intellexti.

155 2105 225 2144 Sed
242 2104 358 2143 nihilo
374 2105 494 2143 secius
512 2117 597 2145 mox
617 2107 788 2146 deferent
803 2119 962 2158 puerum
978 2109 1052 2148 huc
1071 2115 1156 2149 ante
1169 2113 1319 2151 ostium.

153 2165 193 2203 ld
210 2175 280 2213 ego
293 2164 374 2213 ⁸iam
388 2175 486 2203 nuno
501 2165 568 2204 tibi
587 2168 773 2214 renuntio,
793 2168 898 2212 here,
919 2169 1102 2219 futurum,
1123 2175 1165 2210 ut
1179 2173 1231 2211 sis
1248 2174 1390 2214 sciens:

154 2227 204 2262 Ne
215 2228 254 2262 tu
271 2223 341 2262 hoc
352 2223 537 2272 posterius
553 2225 653 2264 dicas
669 2227 758 2264 Davi
775 2227 913 2266 factum
927 2229 1081 2267 consilio
1099 2235 1164 2268 aut
1183 2230 1291 2270 dolis.

154 2285 302 2323 Prorsus
319 2293 342 2320 a
359 2292 419 2321 me
435 2282 648 2332 opinionem
666 2285 760 2325 hanc
774 2290 878 2325 tuam
897 2297 977 2327 esse
993 2298 1061 2337 ego
1079 2294 1244 2329 amotam
1259 2289 1362 2331 volo.
