1586 2658
254 249 322 285 142
628 235 642 241 “
764 252 972 289 ANnmA.

807 343 929 371 cun-o.

1002 424 1007 429 .
1033 393 1111 437 Qua
1128 392 1195 430 re?

818 460 920 488 suno.

1198 511 1348 557 Rogas?

253 565 355 601 Tune
373 562 523 613 impune
542 564 622 603 haec
640 563 779 604 facias?
795 570 883 604 tune
903 565 965 604 hic
980 566 1151 605 homines
1168 567 1468 608 adulescentulo·

255 620 447 670 imperitos
467 633 608 670 rerum,
628 623 781 662 eductos
801 623 934 673 libere,
950 624 987 663 in
1000 623 1170 664 fraudem
1188 625 1332 664 inlicis?
1392 624 1399 631 '

248 679 507 730 Sollicitando,
523 685 562 720 et
578 681 820 731 pollicitando
837 694 970 722 eorum
989 683 1134 722 animos
1153 684 1293 722 lactas?

807 753 930 782 cmx-o.

1268 801 1406 842 Sanu’n
1420 804 1485 842 es?

819 871 918 900 smo.

254 917 305 955 Ac
324 916 552 956 meretricios
566 928 715 958 amores
729 919 868 968 nuptiis
884 919 1146 975 conglutinas?¹

760 989 978 1018 nummus.

255 1033 349 1072 Perii
366 1047 376 1073 ε
394 1038 519 1073 metuo
534 1040 577 1074 ut
593 1036 736 1076 substet
755 1037 907 1087 hospes.

781 1107 959 1135 cunnus.

539 1196 542 1200 ,
915 1155 968 1202 Si,
989 1155 1104 1200 Simo,
1124 1155 1221 1194 hunc
1238 1155 1343 1194 noris
1360 1159 1465 1203 satu,

253 1213 334 1249 Non
353 1210 405 1250 ita
420 1211 602 1251 arbitrere
619 1226 629 1252 :
646 1213 766 1252 bonus
781 1219 838 1252 est
854 1214 913 1252 hic
931 1214 1000 1253 vir.

819 1284 918 1312 smo.

1028 1332 1093 1371 Hic
1108 1331 1163 1370 vir
1180 1331 1229 1370 sit
1243 1331 1387 1370 bonus?

254 1390 353 1427 itane
370 1389 624 1440 adtemperate
641 1391 765 1429 evenit
783 1390 897 1430 hodie
915 1391 953 1429 in
973 1390 1063 1441 ipsis
1082 1390 1221 1439 nuptils

254 1449 299 1485 Ut
318 1448 479 1496 veniret,
501 1449 656 1487 antehac
678 1452 896 1498 nunquam?
922 1452 986 1488 Est
1010 1460 1098 1487 vero
1126 1447 1211 1487 huic
1236 1447 1464 1487 credendum

300 1506 506 1546 Chremes?

755 1578 975 1605 unwanus.

254 1623 298 1660 Ni
315 1627 481 1662 metuam
500 1628 660 1674 patrem,
679 1625 798 1664 habeo
825 1636 893 1674 pro
914 1625 978 1662 illa
997 1635 1038 1663 re
1056 1624 1161 1663 illum
1186 1621 1287 1673 quod
1314 1632 1486 1662 moneam

301 1682 430 1730 probe.

817 1756 915 1784 smo.

253 1803 496 1852 Sycophanta.

796 1859 928 1904 hmro.

489 1926 590 1964 Hem.

779 1993 957 2021 cunnus.

595 2042 668 2087 Sic,
687 2041 802 2089 Crito,
823 2045 880 2080 est
898 2039 960 2079 hic
980 2053 990 2079 ε
1008 2039 1128 2080 mitte.

806 2110 928 2139 cmo.

1149 2156 1281 2196 Videat
1298 2156 1362 2206 qui
1377 2155 1460 2195 siet.

252 2216 288 2254 Si
307 2216 398 2254 mihi
414 2223 542 2266 perget
559 2228 642 2266 quae
659 2218 736 2256 volt
754 2217 891 2265 dicere,
907 2227 954 2256 ea
967 2227 1049 2265 quae
1065 2227 1140 2255 non
1157 2217 1234 2255 volt
1250 2215 1387 2254 audiet.

252 2277 326 2323 Ego
345 2280 442 2314 lstaeo
459 2286 588 2314 moveo
602 2280 666 2314 aut
678 2287 767 2315 curo
777 2278 796 2314 ἲ)
813 2279 893 2315 Non
909 2280 949 2315 tu
966 2280 1071 2314 tuum
1084 2274 1225 2314 malum
1240 2285 1346 2324 aequo
1359 2273 1484 2313 animo

298 2334 394 2372 feres
403 2336 422 2372 2
