1624 2632
223 194 294 230 256
734 197 954 236 HECYRA.

770 290 922 317 uenus.

225 334 357 370 Noster
375 343 493 380 socer,
513 334 637 383 video,
654 337 754 374 venit
774 350 783 375 :
806 348 921 386 puero
940 337 1125 376 nutricem
1142 336 1307 377 adducit.

228 390 423 441 Phidippe,
443 392 594 432 Bacchis
611 394 756 443 dejerat
773 401 980 444 persancte.

744 525 948 553 raimerus.

1014 573 1157 613 Haecine
1172 578 1264 613 east.

770 643 924 671 uenus.

1277 693 1359 728 Haec
1376 693 1444 727 est.

743 761 948 790 mammos.

233 808 307 844 Nec
319 806 381 854 pol
398 805 476 845 istae
489 809 659 846 metuunt
672 807 762 846 deos
778 822 787 846 :
803 820 924 859 neque
938 809 1006 848 has
1020 809 1206 859 respicere
1219 808 1309 846 deos
1322 807 1466 853 opinor.

764 937 929 965 mccms.

234 982 394 1021 Ancillas
412 983 508 1022 dedo
527 997 536 1022 :
554 984 733 1033 quolubet
751 985 917 1024 cruciatu
933 996 1002 1035 per
1017 996 1078 1024 me
1097 983 1262 1034 exq'uire.

235 1046 316 1081 Haec
335 1054 394 1081 res
411 1043 472 1082 hic
493 1044 613 1093 agitur
635 1057 644 1082 ε
667 1044 862 1094 Pamphilo
883 1055 944 1083 me
961 1045 1084 1084 facere
1102 1050 1143 1083 ut
1162 1044 1290 1082 redeat
1309 1053 1400 1081 uxor

235 1104 391 1151 Oportet
412 1115 420 1139 ε
441 1103 541 1152 quod
563 1103 592 1141 si
612 1103 778 1152 perficio,
799 1115 873 1142 non
891 1104 1044 1153 poenitet
1058 1115 1116 1142 me
1138 1105 1259 1149 famae,

234 1162 361 1200 Solam
380 1161 511 1200 fecisse
528 1162 565 1200 id
583 1162 686 1212 quod
702 1163 784 1201 aliae
800 1163 1016 1201 meretrices
1034 1163 1156 1201 facere
1174 1162 1343 1210 fugitant.

832 1293 852 1320 c
883 1295 899 1320 r
924 1310 934 1321 .

237 1340 434 1390 Phidippe‚
449 1344 596 1379 nostras
616 1294 992 1391 mulieregussesctas
1009 1341 1122 1380 fuisse
1139 1341 1233 1380 falso

238 1399 353 1438 Nobis
369 1400 407 1437 in
429 1410 470 1438 re
489 1399 569 1449 ipsa
587 1400 793 1438 invenimus
814 1413 824 1438 z
843 1411 956 1449 porro
978 1400 1074 1439 hanc
1091 1411 1187 1438 nunc
1205 1398 1451 1449 experiamur.

238 1461 331 1497 Nam
350 1457 382 1496 si
401 1458 625 1508 compererit
641 1458 784 1496 crimini
800 1463 863 1496 tua
882 1470 922 1497 se
938 1470 1032 1497 uxor
1047 1458 1261 1502 credidisse,

239 1518 387 1556 Missam
402 1518 496 1556 iram
509 1517 619 1555 faciet
635 1531 645 1556 t
660 1517 717 1555 sin
736 1523 860 1555 autem
875 1522 930 1556 est
942 1518 990 1556 ob
1003 1528 1086 1556 eam
1101 1528 1180 1556 rem
1199 1517 1314 1555 iratus
1331 1520 1477 1565 gnatus,

241 1577 348 1622 Quod
360 1577 505 1626 peperit
517 1587 608 1614 uxor
617 1577 728 1623 clam,
737 1576 774 1614 id
786 1576 901 1615 levest
913 1590 922 1614 ε
934 1576 1008 1615 cito
1020 1576 1068 1614 ab
1079 1587 1124 1615 eo
1135 1576 1213 1614 haec
1222 1575 1475 1613 iraabscedet.

242 1635 409 1674 Profecto
428 1635 465 1673 in
484 1635 554 1674 hac
566 1645 607 1674 re
623 1635 675 1673 nil
690 1635 782 1673 mali
799 1639 867 1679 est,
887 1635 990 1684 quod
1005 1635 1054 1674 sit
1071 1634 1226 1674 discidio
1242 1634 1410 1684 dignum.

758 1824 964 1852 PHIDIPPUS·

246 1872 364 1911 Velim
379 1873 532 1921 quidem
552 1873 690 1910 hercle.

787 1943 938 1970 meurs.

610 1989 767 2038 Exquire
783 2003 794 2028 z
813 1990 919 2028 adest
936 2003 946 2028 ε
961 1990 1064 2039 quod
1078 1989 1168 2028 satis
1181 1989 1243 2035 sit,
1266 1989 1374 2028 faciet
1390 1989 1481 2038 ipsa.

762 2119 969 2147 raimerus.

248 2168 344 2214 Quid
363 2167 414 2206 mi
433 2167 532 2207 istaec
545 2169 700 2205 narras?
712 2171 767 2205 An
783 2168 871 2216 quia
889 2178 964 2205 non
982 2171 1021 2204 tu
1039 2166 1118 2215 ipse.
1133 2167 1274 2205 dudum
1287 2166 1438 2214 audisti,

250 2229 301 2265 De
327 2227 396 2265 hac
417 2238 458 2265 re
476 2226 620 2265 animus
641 2237 747 2265 meus
765 2231 805 2265 ut
824 2226 893 2274 sit,
918 2225 1082 2264 Laches?
1103 2225 1179 2264 illis
1201 2226 1314 2264 modo
1340 2225 1484 2275 explete

297 2296 477 2324 animum.
