1624 2632
299 238 368 274 318
586 236 831 274 HEAUTON
864 231 1263 274 TIMORUMENOS.

831 327 1013 355 cLl'riPno.

958 378 1071 422 Quas,
1089 375 1243 423 malum,
1262 374 1437 423 ambages
1451 376 1545 414 mili»

303 436 459 472 Narrare
478 433 639 482 occipit?

856 506 991 532 cumi.

646 553 752 601 Syre,
772 563 899 591 verum
922 553 982 591 hic
1001 552 1091 591 dicit
1108 565 1117 589 :
1140 552 1259 591 mitte.
1278 552 1333 591 Ad
1351 562 1430 591 rem
1448 550 1548 590 redi.

863 623 993 650 smus.

306 668 500 708 Enimvero
514 671 670 709 reticere
689 681 833 720 nequeo
851 684 860 709 :
882 670 1112 709 multimodis
1125 669 1311 720 injutiu's,

309 728 484 778 Clitipho,
504 740 628 779 neque
646 729 737 768 ferri
754 734 852 779 potis
868 740 920 768 es.

856 799 990 827 cunm.

949 847 1186 885 Audiundum
1207 846 1333 885 hercle
1351 849 1407 884 est
1424 858 1435 884 z
1451 849 1551 884 tace.

867 917 996 944 suus.

312 964 373 1003 Vis
393 975 518 1003 amare
537 978 547 1003 ε
566 966 620 1002 vis
636 963 749 1013 potiri
771 977 782 1003 ε
800 964 855 1002 vis
874 965 976 1014 quod
992 965 1059 1003 des
1078 964 1148 1011 illi,
1165 963 1264 1002 effici
1282 977 1293 1002 z

311 1027 430 1062 Tuum
450 1033 530 1062 esse
551 1025 588 1061 in
605 1023 786 1073 potiundo
800 1024 981 1073 periclum
999 1034 1074 1062 non
1090 1023 1145 1061 vis
1160 1036 1168 1058 ι
1186 1023 1287 1061 haud
1299 1023 1410 1061 stulte
1426 1021 1526 1070 sapis
1537 1033 1552 1059 t

313 1082 505 1132 Siquidem
523 1082 560 1120 id
576 1088 755 1132 superest,
769 1083 864 1121 velle
881 1087 917 1120 te
935 1083 972 1120 id
987 1082 1086 1131 quod
1100 1093 1174 1120 non
1189 1085 1311 1130 potest
1322 1081 1553 1128 contingere.

314 1146 385 1180 Aut
405 1142 483 1180 haec
500 1152 584 1180 cum
605 1141 680 1180 illis
696 1146 782 1179 sunt
801 1141 995 1189 habenda,
1015 1146 1079 1179 aut
1094 1141 1158 1178 illa
1175 1151 1261 1178 cum
1287 1140 1346 1178 bis
1373 1138 1555 1177 mittenda

363 1204 461 1238 sunt.

316 1261 453 1297 Harum
470 1258 629 1297 duarum
646 1259 900 1297 conditionum
921 1270 1019 1296 nunc
1037 1264 1159 1296 utram
1178 1257 1297 1300 malis,
1315 1256 1398 1295 vide
1417 1269 1429 1295 ε

319 1319 394 1356 Etsi
410 1317 621 1365 consilium,
641 1318 744 1367 quod
764 1318 861 1366 cepi,
880 1323 1022 1355 rectum
1041 1327 1122 1355 esse
1142 1322 1180 1355 et
1197 1320 1317 1354 tutum
1333 1315 1422 1354 scio.

318 1380 410 1416 Nam
427 1377 526 1426 apud
547 1381 692 1426 patrem
708 1381 772 1415 tua
787 1377 908 1414 amica
920 1380 1042 1414 tecum
1055 1375 1133 1413 sine
1147 1379 1248 1413 metu
1264 1379 1305 1412 ut
1316 1375 1377 1422 sit,
1391 1373 1532 1423 copiast
1543 1385 1559 1412 t

319 1440 411 1475 Tum
422 1435 522 1485 quod
531 1436 584 1474 illi
598 1441 790 1485 argentum
802 1447 842 1475 es
854 1435 1054 1485 pollicitus,
1063 1435 1194 1473 eadem
1206 1435 1274 1472 hac
1284 1434 1467 1472 inveniam
1479 1434 1557 1472 via:

319 1496 425 1541 Quod
445 1499 484 1533 ut
500 1495 702 1540 efficerem,
717 1495 859 1534 orando
874 1494 1008 1533 surdas
1018 1494 1100 1544 jam
1112 1494 1212 1532 auris
1223 1492 1440 1532 reddideras
1451 1491 1561 1530 mihi.

320 1554 416 1600 Quid
432 1553 534 1593 aliud
550 1553 619 1601 tibi
635 1554 717 1592 vis?

851 1741 1036 1770 omnmo.

702 1789 891 1839 Siquidem
910 1790 981 1828 hoc
1000 1790 1056 1827 fit.

877 1859 1006 1887 SYRUS.

992 1905 1195 1955 Siquidem,
1211 1903 1439 1954 experiundo
1452 1903 1561 1943 scies.

851 1977 1031 2004 cnm’no.

323 2034 396 2078 Age
412 2039 491 2077 age,
514 2027 604 2066 cedo
621 2027 716 2066 istuc
735 2031 841 2065 tuum
856 2025 1067 2072 consilium,
1084 2022 1175 2073 quid
1190 2022 1228 2060 id
1248 2023 1333 2060 est?

876 2094 1008 2121 snus.
1568 2126 1570 2128 .

1232 2138 1564 2187 Adsimulabimus,

321 2205 439 2244 Tuam
455 2204 611 2243 amicam
631 2204 743 2254 hujus
763 2187 858 2242 esse.

850 2270 1031 2298 ommno.

837 2320 997 2359 Pulchre
1014 2331 1024 2357 :
1045 2317 1138 2357 cedo
1158 2316 1248 2366 quid
1263 2316 1324 2355 hic
1343 2315 1565 2355 facietsua?
