1624 2632
276 192 346 229 356
568 194 809 250 HEAUTON
833 192 1225 230 TuloRUMENOS.

803 285 983 313 cunnus.

272 332 369 378 Quid
390 337 428 370 tu
439 334 458 370 ἵ
475 333 607 383 ecquid
621 333 668 372 de
685 333 764 380 illo,
779 334 879 383 quod
892 333 1033 371 dudum
1048 336 1170 371 tecum
1182 342 1256 380 egi,
1267 328 1386 379 egisti,
1397 327 1511 377 Syre?

323 395 386 428 aut
1523 409 1527 413 ·

275 449 475 497 Reperisti‚
493 449 680 499 tibiquod
700 449 858 499 placeat,
879 461 926 488 an
947 450 1050 488 non?

343 505 364 509 ’“
827 518 957 546 smus·

1050 567 1104 605 De
1124 562 1270 602 fallacia

274 620 399 660 Dicis?
414 624 467 661 st!
491 622 614 661 inveni
633 634 754 672 nuper
772 624 972 672 quandam.

707 695 709 697 ¹
805 693 984 720 canemus.

986 744 1097 789 Frugi
1111 750 1163 778 es.
1184 738 1299 785 cedo,
1318 736 1407 786 quid
1427 736 1511 773 est?

778 829 781 834 ,
831 810 959 837 smus.
977 832 979 834 ,

274 853 399 893 Dicam
421 869 431 895 z
448 867 592 901 verum,
610 860 651 895 ut
667 857 768 896 aliud
787 868 830 895 ex
851 857 925 896 alio
943 858 1081 896 incidit.

803 926 982 954 caumas.

1098 972 1296 1020 Quidnam,
1316 972 1434 1020 Syre?

829 1043 958 1070 snus.

275 1091 453 1128 Pessuma
470 1090 549 1129 haec
566 1093 623 1128 est
637 1090 823 1128 meretrix.

803 1161 980 1187 caumes.

840 1214 890 1248 lta
904 1211 1061 1249 videtur.

830 1280 960 1307 snus.

1085 1329 1202 1364 Immo
1221 1326 1252 1365 si
1269 1327 1375 1364 scias.

280 1385 373 1432 Vah,
387 1385 470 1423 vide
485 1385 585 1433 quod
600 1385 759 1434 inceptet
772 1386 927 1423 facinus.
941 1386 1025 1423 Fuit
1037 1385 1206 1434 quaedam
1222 1396 1314 1422 anus
1328 1383 1513 1422 Corinthia

280 1444 362 1491 Hic;
384 1443 469 1482 huic
487 1443 776 1483 drachumarum
791 1444 932 1492 argenti
953 1444 1030 1482 haec
1047 1444 1150 1482 mille
1163 1443 1315 1482 dederat
1329 1447 1510 1480 mutuum.

808 1513 985 1540 CHREMES.

278 1559 376 1605 Quid
393 1564 471 1598 tum
481 1561 500 1597 t

504 1632 507 1635 ’
834 1630 963 1657 simus.

518 1680 569 1715 Ea
589 1680 770 1715 mortuast
791 1691 800 1716 :
821 1678 972 1726 reliquit
992 1677 1107 1715 tiliam
1125 1677 1437 1715 adulescentulam
1455 1688 1465 1713 :

282 1738 332 1773 Ea
348 1735 478 1775 relicta
494 1735 580 1774 huic
597 1736 770 1774 arraboni
787 1740 843 1774 est
861 1747 928 1785 pro
948 1736 1014 1774 illo
1036 1741 1201 1785 argento.

809 1805 986 1833 CHREMES.

1214 1852 1402 1901 Intellego.

833 1923 964 1951 smus.

282 1971 380 2008 nanc
390 1980 515 2009 secum
526 1971 597 2010 huc
606 1968 775 2018 addu‘xit3
788 1981 832 2009 ea
845 1982 928 2019 quae
939 1975 994 2008 est
1008 1980 1107 2008 nunc
1118 1969 1217 2018 apud
1231 1980 1382 2008 uxorem
1398 1975 1507 2006 tuam.

808 2099 989 2127 nflREMES.

280 2144 377 2192 Quid
396 2152 475 2185 tum
484 2147 504 2184 ἵ

321 2278 348 2305 1.
366 2275 489 2305 aniron
500 2276 578 2305 mille
588 2276 682 2305 franco
693 2276 729 2304 de
741 2278 825 2304 notre
839 2275 983 2304 monade.
