1586 2658
231 223 277 260 20
710 229 929 267 ΛΝυηιΑ

230 307 326 344 Bene
345 308 616 348 dissimulatum
635 322 799 349 amorem
820 316 857 349 et
875 312 1033 349 celatum
1054 310 1190 349 indicat
1208 322 1221 350 ε

229 364 422 406 Adcurrit:
442 370 601 407 mediam
618 369 813 407 mulierem
829 369 1109 417 complectitur:

229 424 307 460 Mea
325 426 546 475 Glycerium,
570 429 700 477 inquit,
721 429 809 477 quid
830 428 933 476 agis?
952 440 1018 466 cur
1033 433 1069 468 te
1088 429 1119 466 is
1134 428 1349 477 perditum?

229 483 321 520 Tum
341 485 414 537 ina,
440 492 479 525 ut
495 495 712 527 consuetum
732 489 839 526 facile
857 499 1022 526 amorem
1041 498 1225 536 cerneres,

228 541 368 590 Rejecit
385 556 424 583 se
444 547 481 584 in
502 557 585 585 eum
606 548 698 586 flens
713 559 822 596 quum
843 546 1086 585 familiariter.

785 617 899 644 sosm.

226 661 321 706 Quid
337 662 419 701 ais?

793 736 893 762 smo-

427 781 553 820 Redeo
570 782 654 820 inde
670 782 785 820 iratus
804 788 914 831 atque
933 793 1029 830 aegre
1051 781 1187 820 serens.

224 840 298 877 Nec
316 839 405 877 satis
421 839 470 877 ad
484 839 756 889 obJurgandum
776 852 907 879 causae.
929 841 1100 878 Diceret.

224 897 319 942 Quid
338 897 406 936 feci
418 899 437 935 Τ
452 898 541 947 quid
560 899 763 937 commerui
784 904 847 937 aut
866 910 1027 948 peccati,
1046 900 1177 947 pater?

223 957 310 1001 Quae
329 968 410 995 sese
426 957 463 997 in
480 957 604 1006 ignem
621 958 773 1007 injicere
791 958 921 1006 voluit,
938 957 1138 1007 prohibui:

223 1016 382 1054 Servavi.
403 1018 563 1056 Honesta
583 1017 703 1056 oratio
723 1022 794 1056 est.

780 1089 898 1115 sosu.

807 1139 918 1174 Recte
938 1143 1046 1184 putas
1065 1148 1075 1172 ε

221 1195 313 1231 Nam
330 1192 361 1231 si
375 1193 482 1232 illum
502 1194 693 1244 objurges,
714 1195 797 1233 vitae
815 1195 879 1244 qui
899 1194 1076 1232 auxilium
1095 1193 1202 1242 tulit3

222 1251 317 1296 Quid
333 1251 444 1292 facias
462 1253 530 1299 illi,
551 1254 616 1304 qui
634 1253 781 1292 dederit
795 1254 972 1291 damnum
990 1257 1053 1290 aut
1069 1252 1236 1290 malum?

788 1323 885 1349 snio.

221 1368 328 1406 venit
347 1369 520 1407 Chremes
539 1369 721 1419 postridie
741 1370 787 1408 ad
806 1381 881 1415 me,
900 1369 1105 1416 clamitans,

221 1427 414 1475 “indignum
432 1427 573 1466 facinus
591 1442 601 1466 :
621 1430 861 1477 comperisse,
878 1428 1112 1477 Pamphilum

221 1487 291 1523 Pro
306 1497 418 1524 uxore
435 1487 573 1526 habere
590 1488 683 1526 hanc
699 1487 947 1537 peregrinam.
965 1490 1039 1536 Ego
1056 1485 1148 1524 illud
1167 1487 1296 1526 sedulo

219 1546 360 1593 Negare
381 1546 532 1585 factum.
553 1547 618 1585 llle
639 1547 750 1585 instat
769 1547 919 1585 factum.
941 1544 1106 1595 Denique

220 1604 272 1641 lta
290 1607 370 1642 tum
389 1605 536 1644 discedo
557 1605 604 1644 ab
621 1605 702 1653 illo,
718 1610 760 1643 ut
778 1605 841 1655 qui
861 1616 900 1643 se
920 1604 1035 1643 filiam

219 1663 335 1711 Neget
351 1663 537 1702 daturum.

779 1734 896 1761 sosu.

560 1784 639 1819 Non
655 1785 695 1820 tu
711 1781 763 1819 ibi
777 1782 1021 1829 gnatum...‘?>

785 1851 883 1878 suno.

1020 1902 1074 1937 Ne
1092 1899 1170 1937 haec
1192 1899 1342 1948 quidem

218 1957 311 1996 Satis
329 1958 527 1996 vehemens
543 1968 654 1996 causa
672 1958 720 1996 ad
740 1956 1024 2006 objurgandum.

775 2027 892 2054 sosia.

1031 2074 1116 2121 Qui,
1134 2073 1252 2112 cedo?

782 2144 882 2172 smo.

218 2196 309 2231 Tute
329 2193 406 2242 ipse
425 2192 484 2231 his
502 2192 614 2231 rebus
633 2193 744 2230 finem
766 2190 1000 2241 praescripsti,
1022 2196 1140 2239 pater.

218 2252 336 2298 Prope
357 2249 476 2295 adest,
494 2259 610 2297 quum
629 2248 751 2286 alieno
769 2258 871 2285 more
893 2246 1122 2285 vivendumst
1140 2246 1231 2285 mihi
1244 2259 1257 2286 z

218 2309 302 2347 Sine
321 2319 418 2347 nuuc
435 2319 524 2347 meo·
537 2319 596 2346 me
615 2307 738 2345 vivere
756 2306 899 2345 interea
917 2305 1044 2346 modo,
