1586 2658
155 222 220 255 160
666 219 876 257 ANDRIA.

705 309 838 338 navus.

1286 358 1392 395 raoe.

681 428 858 456 cunenses.

155 475 224 513 Sed
247 474 410 514 amicitia
428 478 567 522 nostra,
589 486 672 525 quae
686 481 744 514 est
758 487 780 513 a
798 475 966 525 patribus
982 474 1091 514 nobis
1110 474 1259 521 tradita,

156 534 243 583 Ejus
260 545 335 573 non
356 534 520 584 aliquam
540 539 683 584 partem
705 535 830 572 studui
850 534 1047 572 abductam
1067 534 1163 572 tradi
1181 532 1322 571 liberis.

155 596 257 634 Nunc
273 604 390 643 quum
413 593 519 643 copia
538 605 582 633 ac
594 594 745 632 fortuna
763 593 912 642 utrique
929 598 971 631 ut
987 593 1215 642 obsequerer
1230 591 1348 636 dedit,

157 655 281 691 Detur.

667 723 886 750 nummus.

288 773 384 809 Bene
403 771 555 810 factum.

712 842 845 869 nAvuS.

535 889 605 928 Adi
621 894 733 938 atque
751 900 818 938 age
839 888 979 928 homini
999 889 1147 938 gratias.

680 959 876 987 CHARINUS.

278 1051 281 1057 ¹
443 1052 445 1057 ζ
1072 1006 1191 1052 Salve,
1207 1007 1398 1050 Chremes,

160 1069 326 1106 Meorum
349 1067 557 1105 amicorum
574 1066 739 1105 omnium
760 1067 811 1104 mi
831 1066 1051 1116 aequissume
1068 1079 1077 1103 ε

160 1127 255 1173 Quid
273 1126 419 1164 dicam?
432 1129 524 1164 Nam
543 1126 634 1164 illud
651 1126 742 1164 mihi
762 1137 835 1164 non
855 1127 978 1164 minus
994 1131 1050 1164 est
1067 1123 1204 1173 gaudio

161 1188 278 1231 Quam
298 1185 349 1223 mi
367 1185 515 1223 evenire
531 1196 628 1223 nune
647 1185 685 1222 id
705 1184 804 1233 quod
825 1196 894 1234 ego
914 1185 980 1223 abs
998 1189 1035 1223 te
1053 1187 1208 1234 expeto:

161 1247 216 1282 Me
235 1245 458 1294 repperisse,
475 1249 516 1283 ut
532 1245 682 1283 habitus
696 1245 851 1283 antehac
870 1245 924 1283 fui
940 1245 1020 1293 tibi,

163 1304 343 1345 Eumdem
360 1308 466 1342 tuum
485 1305 667 1343 animum.

670 1375 888 1402 nummus.

686 1424 808 1468 Quum
825 1422 872 1460 ad
888 1426 924 1460 te
937 1420 1195 1472 adplicaveris.

163 1481 333 1522 Studium
352 1481 484 1520 exinde
501 1486 541 1520 ut
557 1481 640 1524 erit,
661 1487 740 1520 tute
758 1482 1052 1521 existumaveris.

695 1551 873 1579 cuneum.
1023 1582 1030 1589 ,

164 1599 317 1638 Alienus
332 1599 396 1638 abs
413 1603 463 1650 te,
486 1603 610 1638 tamen
630 1599 695 1648 qui
714 1604 754 1638 tu
769 1610 870 1638 esses
888 1610 1077 1639 noveram.

671 1729 892 1757 aurnuns.

165 1777 203 1815 ld
224 1778 275 1815 ita
293 1788 371 1815 esse
392 1777 515 1815 facere
534 1776 787 1826 conjecturam
805 1789 847 1815 ex
867 1788 926 1815 me
946 1777 1046 1816 licet.

694 1849 872 1876 caumas.

165 1899 216 1934 lta
235 1907 294 1934 res
309 1901 377 1935 est.
397 1898 550 1934 Gnatam
571 1895 639 1934 tibi
655 1906 777 1934 meam
799 1896 1056 1935 Philumenam

166 1957 322 1992 Uxorem
341 1965 378 1993 et
397 1953 493 1991 dotis
514 1964 575 1991 sex
592 1954 731 1992 talenta
747 1954 924 2003 spondeo.

165 2017 302 2063 Agatur
321 2013 433 2058 intus,
455 2013 485 2051 si
499 2013 589 2062 quid
609 2017 736 2052 restet.
756 2012 781 2048 ὦ
803 2013 985 2052 Plaudite.
