<?xml version="1.0" encoding="UTF-8"?>
<!DOCTYPE html PUBLIC "-//W3C//DTD XHTML 1.0 Transitional//EN"
    "http://www.w3.org/TR/xhtml1/DTD/xhtml1-transitional.dtd">
<html xmlns="http://www.w3.org/1999/xhtml" xml:lang="en" lang="en">
 <head>
  <title>
</title>
<meta http-equiv="Content-Type" content="text/html;charset=utf-8" />
  <meta name='ocr-system' content='tesseract 3.04.00' />
  <meta name='ocr-capabilities' content='ocr_page ocr_carea ocr_par ocr_line ocrx_word'/>
</head>
<body>
  <div class='ocr_page' id='page_1' title='image "./comdiesdetre01tereuoft_0144.png"; bbox 0 0 1586 2658; ppageno 0'>
   <div class='ocr_carea' id='block_1_1' title="bbox 151 237 1294 373">
    <p class='ocr_par' dir='ltr' id='par_1_1' title="bbox 151 237 1294 373">
     <span class='ocr_line' id='line_1_1' title="bbox 151 237 875 277; baseline 0.004 -3"><span class='ocrx_word' id='word_1_1' title='bbox 151 237 198 274; x_wconf 77' lang='lat'>82</span> <span class='ocrx_word' id='word_1_2' title='bbox 664 239 875 277; x_wconf 77' lang='lat' dir='ltr'><strong>ANDRIA.</strong></span> 
     </span>
     <span class='ocr_line' id='line_1_2' title="bbox 151 316 1294 373; baseline 0.009 -20"><span class='ocrx_word' id='word_1_3' title='bbox 151 318 276 366; x_wconf 85' lang='lat' dir='ltr'><strong>Neque</strong></span> <span class='ocrx_word' id='word_1_4' title='bbox 294 316 398 355; x_wconf 84' lang='lat' dir='ltr'>illum</span> <span class='ocrx_word' id='word_1_5' title='bbox 419 317 516 356; x_wconf 86' lang='lat' dir='ltr'>hanc</span> <span class='ocrx_word' id='word_1_6' title='bbox 533 321 715 368; x_wconf 87' lang='lat' dir='ltr'>perpetuo</span> <span class='ocrx_word' id='word_1_7' title='bbox 736 320 899 368; x_wconf 86' lang='lat' dir='ltr'>habere,</span> <span class='ocrx_word' id='word_1_8' title='bbox 915 331 1036 371; x_wconf 86' lang='lat' dir='ltr'>neque</span> <span class='ocrx_word' id='word_1_9' title='bbox 1054 333 1115 361; x_wconf 88' lang='lat' dir='ltr'>me</span> <span class='ocrx_word' id='word_1_10' title='bbox 1135 325 1294 373; x_wconf 83' lang='lat' dir='ltr'><strong>perpeti.</strong></span> 
     </span>
    </p>
   </div>
   <div class='ocr_carea' id='block_1_2' title="bbox 150 449 1019 551">
    <p class='ocr_par' dir='ltr' id='par_1_2' title="bbox 150 449 1019 551">
     <span class='ocr_line' id='line_1_3' title="bbox 723 449 824 476; baseline 0.01 -1"><span class='ocrx_word' id='word_1_11' title='bbox 723 449 824 476; x_wconf 73' lang='lat' dir='ltr'>snio.</span> 
     </span>
     <span class='ocr_line' id='line_1_4' title="bbox 150 492 1019 551; baseline 0.007 -20"><span class='ocrx_word' id='word_1_12' title='bbox 150 492 220 538; x_wconf 87' lang='lat' dir='ltr'>Qui</span> <span class='ocrx_word' id='word_1_13' title='bbox 235 492 309 532; x_wconf 78' lang='lat' dir='ltr'>scis</span> <span class='ocrx_word' id='word_1_14' title='bbox 321 504 410 543; x_wconf 78' lang='lat' dir='ltr'>ergo</span> <span class='ocrx_word' id='word_1_15' title='bbox 426 494 522 534; x_wconf 85' lang='lat' dir='ltr'>istuc</span> <span class='ocrx_word' id='word_1_16' title='bbox 533 523 543 542; x_wconf 91' lang='lat'>,</span> <span class='ocrx_word' id='word_1_17' title='bbox 563 494 635 534; x_wconf 88' lang='lat' dir='ltr'>nisi</span> <span class='ocrx_word' id='word_1_18' title='bbox 655 496 837 551; x_wconf 85' lang='lat' dir='ltr'>periclum</span> <span class='ocrx_word' id='word_1_19' title='bbox 857 497 988 537; x_wconf 80' lang='lat' dir='ltr'>seceris</span> <span class='ocrx_word' id='word_1_20' title='bbox 998 499 1019 536; x_wconf 64' lang='lat' dir='ltr'>t</span> 
     </span>
    </p>
   </div>
   <div class='ocr_carea' id='block_1_3' title="bbox 150 625 1172 1369">
    <p class='ocr_par' dir='ltr' id='par_1_3' title="bbox 150 625 1172 1369">
     <span class='ocr_line' id='line_1_5' title="bbox 681 625 859 653; baseline 0.006 -1"><span class='ocrx_word' id='word_1_21' title='bbox 681 625 859 653; x_wconf 66' lang='lat' dir='ltr'>cunnus.</span> 
     </span>
     <span class='ocr_line' id='line_1_6' title="bbox 151 669 999 722; baseline 0.005 -15"><span class='ocrx_word' id='word_1_22' title='bbox 151 672 195 707; x_wconf 82' lang='lat' dir='ltr'>At</span> <span class='ocrx_word' id='word_1_23' title='bbox 211 669 305 709; x_wconf 83' lang='lat' dir='ltr'>istuc</span> <span class='ocrx_word' id='word_1_24' title='bbox 321 671 502 720; x_wconf 86' lang='lat' dir='ltr'>periclum</span> <span class='ocrx_word' id='word_1_25' title='bbox 522 671 558 711; x_wconf 92' lang='lat' dir='ltr'>in</span> <span class='ocrx_word' id='word_1_26' title='bbox 581 672 657 710; x_wconf 82' lang='lat' dir='ltr'>filia</span> <span class='ocrx_word' id='word_1_27' title='bbox 677 673 756 711; x_wconf 86' lang='lat' dir='ltr'>fieri</span> <span class='ocrx_word' id='word_1_28' title='bbox 769 702 780 720; x_wconf 94' lang='lat'>,</span> <span class='ocrx_word' id='word_1_29' title='bbox 800 684 909 722; x_wconf 86' lang='lat' dir='ltr'>grave</span> <span class='ocrx_word' id='word_1_30' title='bbox 930 679 999 713; x_wconf 86' lang='lat' dir='ltr'>est.</span> 
     </span>
     <span class='ocr_line' id='line_1_7' title="bbox 719 743 819 770; baseline 0 0"><span class='ocrx_word' id='word_1_31' title='bbox 719 743 819 770; x_wconf 75' lang='lat' dir='ltr'>snio.</span> 
     </span>
     <span class='ocr_line' id='line_1_8' title="bbox 150 788 1133 839; baseline 0.007 -15"><span class='ocrx_word' id='word_1_32' title='bbox 150 789 290 836; x_wconf 85' lang='lat' dir='ltr'>Nempe</span> <span class='ocrx_word' id='word_1_33' title='bbox 309 788 591 829; x_wconf 84' lang='lat' dir='ltr'>incommoditas</span> <span class='ocrx_word' id='word_1_34' title='bbox 603 790 763 839; x_wconf 85' lang='lat' dir='ltr'>denique</span> <span class='ocrx_word' id='word_1_35' title='bbox 784 792 855 829; x_wconf 92' lang='lat' dir='ltr'>huc</span> <span class='ocrx_word' id='word_1_36' title='bbox 869 791 992 830; x_wconf 91' lang='lat' dir='ltr'>omnis</span> <span class='ocrx_word' id='word_1_37' title='bbox 1010 792 1133 832; x_wconf 78' lang='lat' dir='ltr'>redit:</span> 
     </span>
     <span class='ocr_line' id='line_1_9' title="bbox 152 845 1036 897; baseline 0.008 -15"><span class='ocrx_word' id='word_1_38' title='bbox 152 845 188 883; x_wconf 89' lang='lat' dir='ltr'>Si</span> <span class='ocrx_word' id='word_1_39' title='bbox 203 846 368 891; x_wconf 87' lang='lat' dir='ltr'>eveniat,</span> <span class='ocrx_word' id='word_1_40' title='bbox 389 848 490 896; x_wconf 87' lang='lat' dir='ltr'>quod</span> <span class='ocrx_word' id='word_1_41' title='bbox 510 848 548 886; x_wconf 93' lang='lat' dir='ltr'>di</span> <span class='ocrx_word' id='word_1_42' title='bbox 566 850 814 897; x_wconf 87' lang='lat' dir='ltr'>prohibeant,</span> <span class='ocrx_word' id='word_1_43' title='bbox 835 849 1009 889; x_wconf 83' lang='lat' dir='ltr'>discessio</span> <span class='ocrx_word' id='word_1_44' title='bbox 1026 864 1036 889; x_wconf 92' lang='lat'><strong>:</strong></span> 
     </span>
     <span class='ocr_line' id='line_1_10' title="bbox 151 905 1013 956; baseline 0.005 -14"><span class='ocrx_word' id='word_1_45' title='bbox 151 908 197 942; x_wconf 89' lang='lat' dir='ltr'>At</span> <span class='ocrx_word' id='word_1_46' title='bbox 214 905 243 942; x_wconf 89' lang='lat' dir='ltr'>si</span> <span class='ocrx_word' id='word_1_47' title='bbox 259 905 470 955; x_wconf 82' lang='lat' dir='ltr'>corrigitur,</span> <span class='ocrx_word' id='word_1_48' title='bbox 487 914 580 956; x_wconf 83' lang='lat' dir='ltr'>quot</span> <span class='ocrx_word' id='word_1_49' title='bbox 595 910 899 955; x_wconf 77' lang='lat' dir='ltr'>commoditates,</span> <span class='ocrx_word' id='word_1_50' title='bbox 914 908 1013 947; x_wconf 89' lang='lat' dir='ltr'>vide.</span> 
     </span>
     <span class='ocr_line' id='line_1_11' title="bbox 152 962 953 1014; baseline 0.006 -14"><span class='ocrx_word' id='word_1_51' title='bbox 152 962 336 1013; x_wconf 87' lang='lat' dir='ltr'>Principio</span> <span class='ocrx_word' id='word_1_52' title='bbox 354 965 474 1003; x_wconf 90' lang='lat' dir='ltr'>amico</span> <span class='ocrx_word' id='word_1_53' title='bbox 490 966 607 1004; x_wconf 84' lang='lat' dir='ltr'>filium</span> <span class='ocrx_word' id='word_1_54' title='bbox 628 967 833 1005; x_wconf 87' lang='lat' dir='ltr'>restitueris</span> <span class='ocrx_word' id='word_1_55' title='bbox 844 982 855 1014; x_wconf 92' lang='lat'>;</span> <span class='ocrx_word' id='word_1_56' title='bbox 951 1009 953 1011; x_wconf 56' lang='grc'><em>,</em></span> 
     </span>
     <span class='ocr_line' id='line_1_12' title="bbox 152 1021 1096 1073; baseline 0.007 -15"><span class='ocrx_word' id='word_1_57' title='bbox 152 1021 234 1059; x_wconf 91' lang='lat' dir='ltr'>Tibi</span> <span class='ocrx_word' id='word_1_58' title='bbox 246 1033 424 1070; x_wconf 85' lang='lat' dir='ltr'>generum</span> <span class='ocrx_word' id='word_1_59' title='bbox 443 1025 607 1073; x_wconf 84' lang='lat' dir='ltr'>firmum,</span> <span class='ocrx_word' id='word_1_60' title='bbox 621 1030 658 1064; x_wconf 91' lang='lat' dir='ltr'>et</span> <span class='ocrx_word' id='word_1_61' title='bbox 679 1025 762 1064; x_wconf 80' lang='lat' dir='ltr'>tiliae</span> <span class='ocrx_word' id='word_1_62' title='bbox 780 1026 945 1063; x_wconf 87' lang='lat' dir='ltr'>invenies</span> <span class='ocrx_word' id='word_1_63' title='bbox 964 1025 1096 1065; x_wconf 86' lang='lat' dir='ltr'>virum.</span> 
     </span>
     <span class='ocr_line' id='line_1_13' title="bbox 679 1096 859 1123; baseline 0 -1"><span class='ocrx_word' id='word_1_64' title='bbox 679 1096 859 1123; x_wconf 69' lang='lat' dir='ltr'>canemus.</span> 
     </span>
     <span class='ocr_line' id='line_1_14' title="bbox 152 1140 1172 1194; baseline 0.006 -16"><span class='ocrx_word' id='word_1_65' title='bbox 152 1140 247 1185; x_wconf 87' lang='lat' dir='ltr'>Quid</span> <span class='ocrx_word' id='word_1_66' title='bbox 259 1141 366 1181; x_wconf 73' lang='lat' dir='ltr'>istic?</span> <span class='ocrx_word' id='word_1_67' title='bbox 387 1142 424 1180; x_wconf 91' lang='lat' dir='ltr'>Si</span> <span class='ocrx_word' id='word_1_68' title='bbox 441 1142 493 1181; x_wconf 87' lang='lat' dir='ltr'>ita</span> <span class='ocrx_word' id='word_1_69' title='bbox 509 1143 603 1182; x_wconf 87' lang='lat' dir='ltr'>istuc</span> <span class='ocrx_word' id='word_1_70' title='bbox 618 1145 784 1182; x_wconf 87' lang='lat' dir='ltr'>animum</span> <span class='ocrx_word' id='word_1_71' title='bbox 801 1144 943 1182; x_wconf 83' lang='lat' dir='ltr'>induxti</span> <span class='ocrx_word' id='word_1_72' title='bbox 960 1155 1041 1184; x_wconf 86' lang='lat' dir='ltr'>esse</span> <span class='ocrx_word' id='word_1_73' title='bbox 1057 1146 1172 1194; x_wconf 87' lang='lat' dir='ltr'>utile,</span> 
     </span>
     <span class='ocr_line' id='line_1_15' title="bbox 152 1198 1052 1242; baseline 0.007 -6"><span class='ocrx_word' id='word_1_74' title='bbox 152 1198 246 1237; x_wconf 88' lang='lat' dir='ltr'>Nolo</span> <span class='ocrx_word' id='word_1_75' title='bbox 263 1200 330 1239; x_wconf 88' lang='lat' dir='ltr'>tibi</span> <span class='ocrx_word' id='word_1_76' title='bbox 350 1201 467 1239; x_wconf 88' lang='lat' dir='ltr'>ullum</span> <span class='ocrx_word' id='word_1_77' title='bbox 482 1204 720 1241; x_wconf 89' lang='lat' dir='ltr'>commodum</span> <span class='ocrx_word' id='word_1_78' title='bbox 741 1204 777 1242; x_wconf 92' lang='lat' dir='ltr'>in</span> <span class='ocrx_word' id='word_1_79' title='bbox 798 1215 857 1242; x_wconf 91' lang='lat' dir='ltr'>me</span> <span class='ocrx_word' id='word_1_80' title='bbox 872 1203 1052 1242; x_wconf 87' lang='lat' dir='ltr'>claudier.</span> 
     </span>
     <span class='ocr_line' id='line_1_16' title="bbox 542 1274 820 1312; baseline 0 -12"><span class='ocrx_word' id='word_1_81' title='bbox 542 1310 544 1312; x_wconf 31' lang='grc'><strong>,</strong></span> <span class='ocrx_word' id='word_1_82' title='bbox 720 1274 820 1301; x_wconf 71' lang='lat' dir='ltr'>suno.</span> 
     </span>
     <span class='ocr_line' id='line_1_17' title="bbox 152 1318 987 1369; baseline 0.006 -14"><span class='ocrx_word' id='word_1_83' title='bbox 152 1318 281 1356; x_wconf 87' lang='lat' dir='ltr'>Merito</span> <span class='ocrx_word' id='word_1_84' title='bbox 299 1323 335 1357; x_wconf 88' lang='lat' dir='ltr'>te</span> <span class='ocrx_word' id='word_1_85' title='bbox 356 1331 503 1369; x_wconf 91' lang='lat' dir='ltr'>semper</span> <span class='ocrx_word' id='word_1_86' title='bbox 518 1321 679 1359; x_wconf 82' lang='lat' dir='ltr'>maxumi</span> <span class='ocrx_word' id='word_1_87' title='bbox 700 1322 769 1359; x_wconf 88' lang='lat' dir='ltr'>feci</span> <span class='ocrx_word' id='word_1_88' title='bbox 784 1351 793 1365; x_wconf 86' lang='lat'>‚</span> <span class='ocrx_word' id='word_1_89' title='bbox 816 1321 987 1361; x_wconf 85' lang='lat' dir='ltr'>Chreme.</span> 
     </span>
    </p>
   </div>
   <div class='ocr_carea' id='block_1_4' title="bbox 152 1451 1380 2136">
    <p class='ocr_par' dir='ltr' id='par_1_4' title="bbox 152 1451 1380 2136">
     <span class='ocr_line' id='line_1_18' title="bbox 676 1451 850 1478; baseline -0.006 -1"><span class='ocrx_word' id='word_1_90' title='bbox 676 1451 850 1478; x_wconf 65' lang='lat' dir='ltr'>canemus.</span> 
     </span>
     <span class='ocr_line' id='line_1_19' title="bbox 152 1494 428 1544; baseline 0.007 -12"><span class='ocrx_word' id='word_1_91' title='bbox 152 1494 224 1532; x_wconf 89' lang='lat' dir='ltr'>Sed</span> <span class='ocrx_word' id='word_1_92' title='bbox 242 1496 332 1544; x_wconf 89' lang='lat' dir='ltr'>quid</span> <span class='ocrx_word' id='word_1_93' title='bbox 346 1496 400 1535; x_wconf 88' lang='lat' dir='ltr'>ais</span> <span class='ocrx_word' id='word_1_94' title='bbox 409 1499 428 1534; x_wconf 69' lang='lat'>‘2</span> 
     </span>
     <span class='ocr_line' id='line_1_20' title="bbox 226 1570 818 1596; baseline 0.003 -3"><span class='ocrx_word' id='word_1_95' title='bbox 226 1578 230 1583; x_wconf 73' lang='lat'><em>›</em></span> <span class='ocrx_word' id='word_1_96' title='bbox 594 1575 598 1579; x_wconf 96' lang='lat'>·</span> <span class='ocrx_word' id='word_1_97' title='bbox 718 1570 818 1596; x_wconf 73' lang='lat' dir='ltr'>suro.</span> 
     </span>
     <span class='ocr_line' id='line_1_21' title="bbox 442 1615 566 1661; baseline 0 -9"><span class='ocrx_word' id='word_1_98' title='bbox 442 1615 536 1661; x_wconf 87' lang='lat' dir='ltr'>Quid</span> <span class='ocrx_word' id='word_1_99' title='bbox 548 1617 566 1652; x_wconf 82' lang='lat'>‘?</span> 
     </span>
     <span class='ocr_line' id='line_1_22' title="bbox 679 1686 856 1714; baseline -0.006 -1"><span class='ocrx_word' id='word_1_100' title='bbox 679 1686 856 1714; x_wconf 63' lang='lat' dir='ltr'>cuncus.</span> 
     </span>
     <span class='ocr_line' id='line_1_23' title="bbox 574 1732 1362 1778; baseline 0.003 -8"><span class='ocrx_word' id='word_1_101' title='bbox 574 1732 645 1778; x_wconf 85' lang='lat' dir='ltr'>Qui</span> <span class='ocrx_word' id='word_1_102' title='bbox 663 1734 734 1772; x_wconf 90' lang='lat' dir='ltr'>scis</span> <span class='ocrx_word' id='word_1_103' title='bbox 753 1745 818 1772; x_wconf 91' lang='lat' dir='ltr'>eos</span> <span class='ocrx_word' id='word_1_104' title='bbox 835 1746 934 1774; x_wconf 90' lang='lat' dir='ltr'>nunc</span> <span class='ocrx_word' id='word_1_105' title='bbox 951 1735 1164 1774; x_wconf 82' lang='lat' dir='ltr'>discordare</span> <span class='ocrx_word' id='word_1_106' title='bbox 1181 1735 1278 1774; x_wconf 88' lang='lat' dir='ltr'>inter</span> <span class='ocrx_word' id='word_1_107' title='bbox 1296 1737 1362 1773; x_wconf 75' lang='lat' dir='ltr'>se?</span> 
     </span>
     <span class='ocr_line' id='line_1_24' title="bbox 717 1803 817 1831; baseline -0.01 0"><span class='ocrx_word' id='word_1_108' title='bbox 717 1803 817 1831; x_wconf 78' lang='lat' dir='ltr'>snio.</span> 
     </span>
     <span class='ocr_line' id='line_1_25' title="bbox 154 1847 1286 1900; baseline 0.006 -16"><span class='ocrx_word' id='word_1_109' title='bbox 154 1850 253 1896; x_wconf 76' lang='lat' dir='ltr'>ipsus</span> <span class='ocrx_word' id='word_1_110' title='bbox 269 1847 359 1886; x_wconf 90' lang='lat' dir='ltr'>mihi</span> <span class='ocrx_word' id='word_1_111' title='bbox 379 1852 512 1898; x_wconf 87' lang='lat' dir='ltr'>Davus,</span> <span class='ocrx_word' id='word_1_112' title='bbox 530 1849 595 1899; x_wconf 89' lang='lat' dir='ltr'>qui</span> <span class='ocrx_word' id='word_1_113' title='bbox 615 1850 796 1890; x_wconf 90' lang='lat' dir='ltr'>intumust</span> <span class='ocrx_word' id='word_1_114' title='bbox 814 1863 946 1890; x_wconf 88' lang='lat' dir='ltr'>eorum</span> <span class='ocrx_word' id='word_1_115' title='bbox 964 1853 1148 1900; x_wconf 90' lang='lat' dir='ltr'>consiliis,</span> <span class='ocrx_word' id='word_1_116' title='bbox 1165 1853 1256 1891; x_wconf 87' lang='lat' dir='ltr'>dixit</span> <span class='ocrx_word' id='word_1_117' title='bbox 1275 1866 1286 1891; x_wconf 90' lang='lat'><strong>:</strong></span> 
     </span>
     <span class='ocr_line' id='line_1_26' title="bbox 154 1904 1286 1960; baseline 0.004 -17"><span class='ocrx_word' id='word_1_118' title='bbox 154 1909 195 1943; x_wconf 87' lang='lat' dir='ltr'>Et</span> <span class='ocrx_word' id='word_1_119' title='bbox 212 1907 243 1944; x_wconf 90' lang='lat' dir='ltr'>is</span> <span class='ocrx_word' id='word_1_120' title='bbox 259 1907 350 1945; x_wconf 91' lang='lat' dir='ltr'>mihi</span> <span class='ocrx_word' id='word_1_121' title='bbox 363 1909 513 1957; x_wconf 85' lang='lat' dir='ltr'>suadet,</span> <span class='ocrx_word' id='word_1_122' title='bbox 529 1904 874 1959; x_wconf 50' lang='lat' dir='ltr'>nuptias&#39;quantum</span> <span class='ocrx_word' id='word_1_123' title='bbox 886 1922 1022 1960; x_wconf 88' lang='lat' dir='ltr'>queam</span> <span class='ocrx_word' id='word_1_124' title='bbox 1033 1915 1075 1949; x_wconf 90' lang='lat' dir='ltr'>ut</span> <span class='ocrx_word' id='word_1_125' title='bbox 1089 1915 1286 1950; x_wconf 85' lang='lat' dir='ltr'>maturem.</span> 
     </span>
     <span class='ocr_line' id='line_1_27' title="bbox 154 1967 1304 2015; baseline 0.005 -13"><span class='ocrx_word' id='word_1_126' title='bbox 154 1967 247 2002; x_wconf 90' lang='lat' dir='ltr'>Num</span> <span class='ocrx_word' id='word_1_127' title='bbox 266 1977 393 2004; x_wconf 90' lang='lat' dir='ltr'>censes</span> <span class='ocrx_word' id='word_1_128' title='bbox 411 1967 569 2015; x_wconf 84' lang='lat' dir='ltr'>faceret,</span> <span class='ocrx_word' id='word_1_129' title='bbox 590 1967 708 2006; x_wconf 87' lang='lat' dir='ltr'>filium</span> <span class='ocrx_word' id='word_1_130' title='bbox 723 1970 793 2007; x_wconf 89' lang='lat' dir='ltr'>nisi</span> <span class='ocrx_word' id='word_1_131' title='bbox 808 1969 920 2008; x_wconf 90' lang='lat' dir='ltr'>sciret</span> <span class='ocrx_word' id='word_1_132' title='bbox 937 1970 1066 2008; x_wconf 86' lang='lat' dir='ltr'>eadem</span> <span class='ocrx_word' id='word_1_133' title='bbox 1087 1969 1165 2009; x_wconf 86' lang='lat' dir='ltr'>haec</span> <span class='ocrx_word' id='word_1_134' title='bbox 1180 1970 1304 2009; x_wconf 79' lang='lat' dir='ltr'>velle?</span> 
     </span>
     <span class='ocr_line' id='line_1_28' title="bbox 153 2025 1380 2077; baseline 0.004 -16"><span class='ocrx_word' id='word_1_135' title='bbox 153 2026 243 2062; x_wconf 89' lang='lat' dir='ltr'>Tute</span> <span class='ocrx_word' id='word_1_136' title='bbox 255 2025 348 2063; x_wconf 88' lang='lat' dir='ltr'>adeo</span> <span class='ocrx_word' id='word_1_137' title='bbox 364 2026 442 2073; x_wconf 71' lang='lat' dir='ltr'>‚iam</span> <span class='ocrx_word' id='word_1_138' title='bbox 457 2026 537 2075; x_wconf 86' lang='lat' dir='ltr'>ejus</span> <span class='ocrx_word' id='word_1_139' title='bbox 550 2027 663 2065; x_wconf 90' lang='lat' dir='ltr'>verba</span> <span class='ocrx_word' id='word_1_140' title='bbox 678 2027 819 2067; x_wconf 88' lang='lat' dir='ltr'>audies.</span> <span class='ocrx_word' id='word_1_141' title='bbox 837 2031 955 2077; x_wconf 88' lang='lat' dir='ltr'>Heus,</span> <span class='ocrx_word' id='word_1_142' title='bbox 969 2033 1119 2068; x_wconf 86' lang='lat' dir='ltr'>evocate</span> <span class='ocrx_word' id='word_1_143' title='bbox 1138 2029 1213 2069; x_wconf 89' lang='lat' dir='ltr'>huc</span> <span class='ocrx_word' id='word_1_144' title='bbox 1227 2032 1380 2068; x_wconf 86' lang='lat' dir='ltr'>Davum.</span> 
     </span>
     <span class='ocr_line' id='line_1_29' title="bbox 154 2085 953 2136; baseline 0.009 -16"><span class='ocrx_word' id='word_1_145' title='bbox 154 2085 270 2132; x_wconf 77' lang='lat' dir='ltr'>Atque</span> <span class='ocrx_word' id='word_1_146' title='bbox 289 2094 422 2123; x_wconf 85' lang='lat' dir='ltr'>eccum</span> <span class='ocrx_word' id='word_1_147' title='bbox 439 2098 448 2123; x_wconf 92' lang='lat'>:</span> <span class='ocrx_word' id='word_1_148' title='bbox 465 2089 575 2125; x_wconf 69' lang='lat' dir='ltr'>video</span> <span class='ocrx_word' id='word_1_149' title='bbox 587 2085 707 2136; x_wconf 91' lang='lat' dir='ltr'>ipsum</span> <span class='ocrx_word' id='word_1_150' title='bbox 725 2086 825 2126; x_wconf 84' lang='lat' dir='ltr'>foras</span> <span class='ocrx_word' id='word_1_151' title='bbox 840 2088 953 2128; x_wconf 86' lang='lat' dir='ltr'>exire.</span> 
     </span>
    </p>
   </div>
  </div>
 </body>
</html>
