1624 2632
287 215 357 251 ⁴:20
576 215 816 252 HEAUTON
842 215 1235 254 TIMORUMENOS.

814 306 993 333 cunnus.

1023 354 1081 392 Nil
1101 364 1312 398 succenseo,

284 416 358 452 Nec
373 413 449 457 tibi,
472 423 539 451 nec
565 412 633 452 tibi
655 423 748 452 :nec
764 423 827 451 vos
847 416 902 451 est
918 423 1082 462 aequum,
1101 413 1202 462 quod
1217 413 1327 462 facio,
1346 412 1453 454 miln.

755 550 942 591 SCENA
970 551 1048 590 ΙΙΙ.

672 661 847 703 SYRUS,
877 660 1125 695 CLl'rlPflo.

831 784 963 812 smus.

282 834 404 873 Abiit?
420 834 513 882 Vah,
531 842 678 882 rogasse
696 832 875 871 vellem...

807 901 987 929 omnmo.

847 949 972 995 Quid?

835 1018 966 1046 smus.

943 1066 1047 1105 Unde
1065 1065 1157 1105 mihi
1175 1070 1340 1116 peterem
1359 1067 1483 1105 cibum
1505 1082 1516 1107 :

282 1132 333 1168 lta
350 1140 418 1167 nos
429 1126 623 1166 alienavit.
644 1125 726 1165 Tibi
741 1126 822 1175 jam
835 1136 916 1165 esse
934 1125 983 1164 ad
1001 1135 1170 1164 sororem
1187 1125 1374 1175 intellege.

808 1196 989 1223 curmae.

281 1252 406 1286 Adeon
420 1257 499 1284 rem
510 1245 679 1293 rediisse,
697 1249 737 1283 ut
753 1244 935 1294 periclum
949 1244 1064 1283 etiam
1075 1254 1099 1282 a
1110 1243 1210 1282 fame
1222 1243 1317 1282 mihi
1329 1244 1391 1291 sit,
1403 1245 1517 1292 effre?

830 1373 961 1400 SYRUS.

282 1424 389 1464 Modo
408 1423 516 1461 liceat
532 1422 668 1470 vivere,
685 1426 741 1460 est
759 1432 888 1470 spes...

807 1491 987 1519 omnmo.

917 1539 1033 1584 Quae?

833 1609 962 1635 smus.

1048 1658 1122 1694 Nos
1139 1654 1343 1694 esurituros
1358 1657 1459 1696 satis.

754 1707 761 1718 ⁸
804 1718 986 1752 cmTipno.

281 1777 420 1816 inrides
434 1776 474 1815 in
492 1785 533 1814 re
550 1775 668 1823 tanta,
689 1784 810 1822 neque
831 1784 890 1811 me
907 1783 1107 1822 quicquam
1124 1772 1280 1812 consilio
1299 1773 1451 1822 adjuvas
1462 1776 1482 1812 ἱ)

301 1915 306 1919 .
828 1891 958 1918 suus.

281 1921 396 1980 immo
416 1945 454 1979 et
471 1940 521 1979 ibi
541 1951 639 1978 nunc
658 1950 753 1987 sum,
775 1943 813 1976 et
830 1949 947 1987 usque
967 1937 1004 1975 id
1023 1937 1082 1987 egi
1102 1937 1258 1986 dudum,
1286 1938 1376 1976 dum
1396 1939 1517 1991 loqui-

284 2012 289 2016 ”
327 2006 387 2039 tur
406 2004 523 2049 pater.

281 2062 322 2100 Et
340 2065 520 2110 quantum
537 2069 604 2107 ego
618 2058 833 2107 intellegere
849 2067 1016 2107 possum.

806 2127 990 2155 cimmo.

1009 2174 1130 2221 Quid?
1147 2191 1158 2219 ς

831 2246 961 2273 smus.

877 2294 879 2296 ’
1130 2294 1209 2341 Nou
1219 2291 1340 2342 aberit
1351 2292 1510 2343 longius.
