1586 2658
211 219 281 255 112
724 216 935 254 ANDRlA.

213 299 345 337 Venire
362 309 422 338 me
441 297 671 337 adsimulabo
694 311 704 336 ε
724 303 761 336 tu
773 327 783 344 ,
805 302 845 336 ut
860 297 1066 336 subservias

213 357 379 396 Orat10ni
391 386 402 404 ‚
421 362 622 406 utcumque
641 368 735 406 opus
754 356 826 404 sit,
846 357 967 394 verbis
984 356 1080 394 vide.

771 427 894 454 ursis.

210 476 393 526 Ego-quid
411 487 499 526 agas
513 476 606 514 nihil
621 475 796 524 intellego
818 489 827 513 :
851 476 938 523 sed,
957 475 988 513 si
1006 474 1097 524 quid
1116 477 1198 520 est,

213 536 319 583 Quod
339 546 424 574 mea
444 545 559 585 opera
575 546 668 584 opus
686 534 734 572 sit
750 534 875 581 vobis,
896 538 960 572 aut
979 538 1018 572 tu
1033 534 1117 583 plus
1129 532 1254 580 vides,

213 595 382 639 Manebo,
402 605 449 633 ne
468 593 569 643 quod
584 598 748 632 vostrum
766 603 934 631 remorer
952 591 1206 630 commodum.

691 701 876 741 SCENA
914 700 981 738 VI.

517 800 765 840 CHREMES,
792 799 961 839 MYSIS,
988 797 1155 832 DAVUS.

747 899 926 927 CHREMES.

217 953 410 994 Revortor‚
429 953 647 999 postquam,
664 959 746 997 quae
759 958 853 996 opus
865 947 970 984 fuere
985 946 1031 984 ad
1048 945 1197 994 nuptias

216 1012 341 1048 Gnatae
353 1039 364 1057 ,
384 1009 530 1058 paravi,
552 1013 591 1045 ut
608 1006 762 1055 Jubeam
782 1005 935 1044 accersi·
955 1004 1027 1043 Sed
1046 1003 1137 1053 quid
1154 1003 1254 1042 hoc?

218 1072 314 1108 Puer
333 1067 506 1106 herclest.
527 1066 674 1113 Mulier,
694 1069 761 1103 tun
779 1063 982 1114 adposuisti
1000 1063 1127 1101 hunc?

775 1135 899 1162 urms.

1153 1179 1223 1219 Ubi
1238 1179 1322 1218 est?

750 1253 927 1282 cunnus.

219 1310 296 1346 Non
316 1305 409 1345 mihi
426 1304 658 1353 respondes?

778 1372 899 1399 MYSIS.

670 1423 859 1469 Nusquam
878 1423 947 1457 est.
967 1420 1029 1457 Vae
1046 1416 1190 1456 miserae
1207 1415 1322 1462 mihi,

221 1483 384 1533 Reliquit
399 1493 460 1521 me
477 1482 592 1520 homo
606 1510 615 1527 ‚
639 1484 750 1529 atque
767 1478 872 1517 abiit.

769 1549 902 1575 nnus.

873 1596 915 1634 Di
934 1598 1095 1633 vostram
1112 1593 1245 1640 fidem,

221 1662 316 1708 Quid
334 1661 452 1699 turbae
470 1658 571 1708 apud
588 1658 713 1696 forum
727 1659 803 1695 est!
821 1655 918 1700 Quid
935 1654 1011 1692 illic
1029 1652 1223 1691 hominum
1238 1650 1405 1698 litigant!

221 1725 315 1759 Tum
331 1730 478 1758 annona
493 1721 626 1756 carast.
647 1715 743 1762 Quid
756 1715 875 1752 dicam
895 1713 1016 1760 aliud,
1036 1711 1174 1750 nescio.

781 1785 902 1812 ursis.
1075 1786 1078 1787 ⁷

221 1843 294 1878 Cur
313 1843 352 1877 tu
372 1837 527 1882 obsecro
545 1835 605 1873 hic
623 1845 685 1873 me
706 1833 852 1872 solam?

778 1903 911 1931 nnus.

858 1953 945 1996 Quae
965 1950 1044 1988 haec
1062 1952 1119 1986 est
1134 1947 1287 1985 fabula?

222 2018 301 2056 Eho
321 2015 430 2065 Mysis
441 2044 453 2063 ,
469 2023 564 2064 puer
583 2012 644 2051 hic
656 2011 754 2050 unde
770 2012 854 2048 est?
871 2009 1004 2055 Quisve
1022 2007 1097 2045 huc
1117 2005 1271 2044 attulit?

234 2086 236 2089 ’
781 2081 902 2108 nmis.

222 2135 324 2176 Satin
343 2133 466 2173 sanu’s
476 2162 489 2181 ,
504 2131 570 2181 qui
588 2141 650 2168 me
665 2128 705 2168 id
721 2127 859 2177 rogites
872 2130 891 2165 ?

775 2198 909 2225 navus.

902 2247 1020 2290 Quem
1039 2242 1152 2291 igitur
1170 2250 1318 2289 rogem,

223 2314 292 2362 Qui
311 2313 373 2353 hic
389 2308 578 2350 neminem
593 2305 709 2345 alium
731 2305 900 2343 videam?
