<?xml version="1.0" encoding="UTF-8"?>
<!DOCTYPE html PUBLIC "-//W3C//DTD XHTML 1.0 Transitional//EN"
    "http://www.w3.org/TR/xhtml1/DTD/xhtml1-transitional.dtd">
<html xmlns="http://www.w3.org/1999/xhtml" xml:lang="en" lang="en">
 <head>
  <title>
</title>
<meta http-equiv="Content-Type" content="text/html;charset=utf-8" />
  <meta name='ocr-system' content='tesseract 3.04.00' />
  <meta name='ocr-capabilities' content='ocr_page ocr_carea ocr_par ocr_line ocrx_word'/>
</head>
<body>
  <div class='ocr_page' id='page_1' title='image "./comdiesdetre01tereuoft_0444.png"; bbox 0 0 1624 2632; ppageno 0'>
   <div class='ocr_carea' id='block_1_1' title="bbox 271 203 1217 254">
    <p class='ocr_par' dir='ltr' id='par_1_1' title="bbox 271 203 1217 254">
     <span class='ocr_line' id='line_1_1' title="bbox 271 203 1217 254; baseline 0.01 -9"><span class='ocrx_word' id='word_1_1' title='bbox 271 203 340 239; x_wconf 67' lang='lat'><strong>382</strong></span> <span class='ocrx_word' id='word_1_2' title='bbox 557 213 801 252; x_wconf 83' lang='lat' dir='ltr'><strong>HEAUTON</strong></span> <span class='ocrx_word' id='word_1_3' title='bbox 832 217 1217 254; x_wconf 76' lang='lat' dir='ltr'><strong>TlMORUMENOS.</strong></span> 
     </span>
    </p>
   </div>
   <div class='ocr_carea' id='block_1_2' title="bbox 818 309 1285 573">
    <p class='ocr_par' dir='ltr' id='par_1_2' title="bbox 818 309 1285 573">
     <span class='ocr_line' id='line_1_2' title="bbox 818 309 956 336; baseline 0.007 -1"><span class='ocrx_word' id='word_1_4' title='bbox 818 309 956 336; x_wconf 69' lang='lat' dir='ltr'><strong>naono.</strong></span> 
     </span>
     <span class='ocr_line' id='line_1_3' title="bbox 911 358 1195 403; baseline 0.004 -8"><span class='ocrx_word' id='word_1_5' title='bbox 911 358 998 403; x_wconf 85' lang='lat' dir='ltr'><strong>Quis</strong></span> <span class='ocrx_word' id='word_1_6' title='bbox 1012 369 1072 397; x_wconf 90' lang='lat' dir='ltr'><strong>me</strong></span> <span class='ocrx_word' id='word_1_7' title='bbox 1094 358 1195 396; x_wconf 83' lang='lat' dir='ltr'><strong>volt?</strong></span> 
     </span>
     <span class='ocr_line' id='line_1_4' title="bbox 826 427 954 456; baseline 0.016 -2"><span class='ocrx_word' id='word_1_8' title='bbox 826 427 954 456; x_wconf 70' lang='lat' dir='ltr'><strong>smus.</strong></span> 
     </span>
     <span class='ocr_line' id='line_1_5' title="bbox 1158 477 1285 525; baseline 0 -11"><span class='ocrx_word' id='word_1_9' title='bbox 1158 477 1285 525; x_wconf 73' lang='lat' dir='ltr'><strong>Syrus.</strong></span> 
     </span>
     <span class='ocr_line' id='line_1_6' title="bbox 819 545 961 573; baseline 0 -1"><span class='ocrx_word' id='word_1_10' title='bbox 819 545 961 573; x_wconf 45' lang='lat' dir='ltr'><strong>«naono.</strong></span> 
     </span>
    </p>
   </div>
   <div class='ocr_carea' id='block_1_3' title="bbox 275 593 1505 762">
    <p class='ocr_par' dir='ltr' id='par_1_3' title="bbox 275 593 1505 762">
     <span class='ocr_line' id='line_1_7' title="bbox 1239 593 1505 639; baseline 0 -8"><span class='ocrx_word' id='word_1_11' title='bbox 1239 593 1335 639; x_wconf 89' lang='lat' dir='ltr'>Quid</span> <span class='ocrx_word' id='word_1_12' title='bbox 1354 599 1411 633; x_wconf 84' lang='lat' dir='ltr'><strong>est</strong></span> <span class='ocrx_word' id='word_1_13' title='bbox 1422 595 1505 633; x_wconf 74' lang='lat' dir='ltr'><strong>rei?</strong></span> 
     </span>
     <span class='ocr_line' id='line_1_8' title="bbox 797 663 953 690; baseline -0.006 0"><span class='ocrx_word' id='word_1_14' title='bbox 797 673 804 678; x_wconf 95' lang='lat'>-</span> <span class='ocrx_word' id='word_1_15' title='bbox 825 663 953 690; x_wconf 69' lang='lat' dir='ltr'><strong>smus.</strong></span> 
     </span>
     <span class='ocr_line' id='line_1_9' title="bbox 275 703 1373 762; baseline 0.01 -22"><span class='ocrx_word' id='word_1_16' title='bbox 275 703 433 743; x_wconf 76' lang='lat' dir='ltr'><strong>Ancillas</strong></span> <span class='ocrx_word' id='word_1_17' title='bbox 452 707 572 745; x_wconf 87' lang='lat' dir='ltr'><strong>omnis</strong></span> <span class='ocrx_word' id='word_1_18' title='bbox 592 708 781 748; x_wconf 81' lang='lat' dir='ltr'><strong>Bacchidis</strong></span> <span class='ocrx_word' id='word_1_19' title='bbox 802 711 951 749; x_wconf 77' lang='lat' dir='ltr'>traduce</span> <span class='ocrx_word' id='word_1_20' title='bbox 971 711 1042 749; x_wconf 86' lang='lat' dir='ltr'><strong>huc</strong></span> <span class='ocrx_word' id='word_1_21' title='bbox 1056 711 1103 749; x_wconf 86' lang='lat' dir='ltr'><strong>ad</strong></span> <span class='ocrx_word' id='word_1_22' title='bbox 1120 722 1184 751; x_wconf 83' lang='lat' dir='ltr'><strong>vos</strong></span> <span class='ocrx_word' id='word_1_23' title='bbox 1203 722 1373 762; x_wconf 82' lang='lat' dir='ltr'><strong>propere.</strong></span> 
     </span>
    </p>
   </div>
   <div class='ocr_carea' id='block_1_4' title="bbox 273 840 1505 1397">
    <p class='ocr_par' dir='ltr' id='par_1_4' title="bbox 273 840 960 984">
     <span class='ocr_line' id='line_1_10' title="bbox 823 840 960 867; baseline 0.007 -1"><span class='ocrx_word' id='word_1_24' title='bbox 823 840 960 867; x_wconf 70' lang='lat' dir='ltr'><strong>naono.</strong></span> 
     </span>
     <span class='ocr_line' id='line_1_11' title="bbox 273 880 545 924; baseline 0.011 -7"><span class='ocrx_word' id='word_1_25' title='bbox 273 880 545 924; x_wconf 71' lang='lat' dir='ltr'><strong>Quamobrem?</strong></span> 
     </span>
     <span class='ocr_line' id='line_1_12' title="bbox 824 956 954 984; baseline 0.008 -1"><span class='ocrx_word' id='word_1_26' title='bbox 824 956 954 984; x_wconf 71' lang='lat' dir='ltr'><strong>snus.</strong></span> 
     </span>
    </p>

    <p class='ocr_par' dir='ltr' id='par_1_5' title="bbox 273 1002 1505 1173">
     <span class='ocr_line' id='line_1_13' title="bbox 509 1002 1502 1054; baseline 0.004 -16"><span class='ocrx_word' id='word_1_27' title='bbox 509 1003 561 1038; x_wconf 92' lang='lat' dir='ltr'><strong>Ne</strong></span> <span class='ocrx_word' id='word_1_28' title='bbox 578 1012 745 1050; x_wconf 78' lang='lat' dir='ltr'><strong>quaeras:</strong></span> <span class='ocrx_word' id='word_1_29' title='bbox 767 1004 936 1052; x_wconf 81' lang='lat' dir='ltr'><strong>efferant,</strong></span> <span class='ocrx_word' id='word_1_30' title='bbox 957 1016 1038 1054; x_wconf 86' lang='lat' dir='ltr'><strong>quae</strong></span> <span class='ocrx_word' id='word_1_31' title='bbox 1056 1015 1181 1043; x_wconf 85' lang='lat' dir='ltr'><strong>secum</strong></span> <span class='ocrx_word' id='word_1_32' title='bbox 1196 1004 1271 1043; x_wconf 82' lang='lat' dir='ltr'><strong>huc</strong></span> <span class='ocrx_word' id='word_1_33' title='bbox 1288 1002 1502 1042; x_wconf 79' lang='lat' dir='ltr'><strong>attulerunt.</strong></span> 
     </span>
     <span class='ocr_line' id='line_1_14' title="bbox 273 1058 1457 1109; baseline 0.006 -15"><span class='ocrx_word' id='word_1_34' title='bbox 273 1058 440 1104; x_wconf 82' lang='lat' dir='ltr'><strong>sperabit</strong></span> <span class='ocrx_word' id='word_1_35' title='bbox 462 1066 650 1109; x_wconf 75' lang='lat' dir='ltr'><strong>sumptum</strong></span> <span class='ocrx_word' id='word_1_36' title='bbox 673 1062 743 1100; x_wconf 89' lang='lat' dir='ltr'><strong>sibi</strong></span> <span class='ocrx_word' id='word_1_37' title='bbox 761 1074 872 1102; x_wconf 84' lang='lat' dir='ltr'><strong>senex</strong></span> <span class='ocrx_word' id='word_1_38' title='bbox 888 1064 1049 1102; x_wconf 84' lang='lat' dir='ltr'><strong>levatum</strong></span> <span class='ocrx_word' id='word_1_39' title='bbox 1069 1076 1149 1103; x_wconf 89' lang='lat' dir='ltr'><strong>esse</strong></span> <span class='ocrx_word' id='word_1_40' title='bbox 1168 1064 1308 1103; x_wconf 83' lang='lat' dir='ltr'>harunc</span> <span class='ocrx_word' id='word_1_41' title='bbox 1327 1064 1427 1102; x_wconf 82' lang='lat' dir='ltr'><strong>abitu</strong></span> <span class='ocrx_word' id='word_1_42' title='bbox 1447 1077 1457 1101; x_wconf 88' lang='lat'><strong>:</strong></span> 
     </span>
     <span class='ocr_line' id='line_1_15' title="bbox 275 1117 1505 1173; baseline 0.007 -20"><span class='ocrx_word' id='word_1_43' title='bbox 275 1117 335 1154; x_wconf 85' lang='lat' dir='ltr'><strong>Nae</strong></span> <span class='ocrx_word' id='word_1_44' title='bbox 354 1117 417 1155; x_wconf 92' lang='lat' dir='ltr'><strong>ille</strong></span> <span class='ocrx_word' id='word_1_45' title='bbox 434 1119 532 1157; x_wconf 82' lang='lat' dir='ltr'>haud</span> <span class='ocrx_word' id='word_1_46' title='bbox 552 1120 633 1167; x_wconf 88' lang='lat' dir='ltr'><strong>scit,</strong></span> <span class='ocrx_word' id='word_1_47' title='bbox 655 1121 726 1160; x_wconf 86' lang='lat' dir='ltr'><strong>hoc</strong></span> <span class='ocrx_word' id='word_1_48' title='bbox 749 1123 902 1171; x_wconf 84' lang='lat' dir='ltr'><strong>paulum</strong></span> <span class='ocrx_word' id='word_1_49' title='bbox 924 1123 1016 1162; x_wconf 86' lang='lat' dir='ltr'><strong>lucri</strong></span> <span class='ocrx_word' id='word_1_50' title='bbox 1029 1129 1208 1173; x_wconf 85' lang='lat' dir='ltr'><strong>quantum</strong></span> <span class='ocrx_word' id='word_1_51' title='bbox 1229 1123 1278 1162; x_wconf 89' lang='lat' dir='ltr'><strong>eii</strong></span> <span class='ocrx_word' id='word_1_52' title='bbox 1297 1123 1422 1162; x_wconf 88' lang='lat' dir='ltr'><strong>damni</strong></span> <span class='ocrx_word' id='word_1_53' title='bbox 1441 1133 1505 1171; x_wconf 84' lang='lat' dir='ltr'><strong>ap·</strong></span> 
     </span>
    </p>

    <p class='ocr_par' dir='ltr' id='par_1_6' title="bbox 273 1181 1399 1397">
     <span class='ocr_line' id='line_1_16' title="bbox 319 1181 454 1225; baseline 0.015 -11"><span class='ocrx_word' id='word_1_54' title='bbox 319 1181 454 1225; x_wconf 84' lang='lat' dir='ltr'><strong>portet.</strong></span> 
     </span>
     <span class='ocr_line' id='line_1_17' title="bbox 273 1237 1103 1291; baseline 0.01 -19"><span class='ocrx_word' id='word_1_55' title='bbox 273 1237 325 1273; x_wconf 90' lang='lat' dir='ltr'><strong>Tu</strong></span> <span class='ocrx_word' id='word_1_56' title='bbox 342 1238 460 1275; x_wconf 87' lang='lat' dir='ltr'><strong>nescis</strong></span> <span class='ocrx_word' id='word_1_57' title='bbox 475 1237 514 1276; x_wconf 91' lang='lat' dir='ltr'><strong>id</strong></span> <span class='ocrx_word' id='word_1_58' title='bbox 534 1238 636 1289; x_wconf 86' lang='lat' dir='ltr'><strong>quod</strong></span> <span class='ocrx_word' id='word_1_59' title='bbox 649 1240 733 1286; x_wconf 83' lang='lat' dir='ltr'><strong>scis,</strong></span> <span class='ocrx_word' id='word_1_60' title='bbox 753 1243 905 1286; x_wconf 88' lang='lat' dir='ltr'><strong>Dromo,</strong></span> <span class='ocrx_word' id='word_1_61' title='bbox 922 1242 952 1280; x_wconf 90' lang='lat' dir='ltr'><strong>si</strong></span> <span class='ocrx_word' id='word_1_62' title='bbox 969 1253 1103 1291; x_wconf 83' lang='lat' dir='ltr'><strong>sapies.</strong></span> 
     </span>
     <span class='ocr_line' id='line_1_18' title="bbox 821 1312 959 1340; baseline 0 -2"><span class='ocrx_word' id='word_1_63' title='bbox 821 1312 959 1340; x_wconf 74' lang='lat' dir='ltr'><strong>naono.</strong></span> 
     </span>
     <span class='ocr_line' id='line_1_19' title="bbox 1126 1358 1399 1397; baseline -0.004 0"><span class='ocrx_word' id='word_1_64' title='bbox 1126 1362 1263 1397; x_wconf 82' lang='lat' dir='ltr'><strong>Mutum</strong></span> <span class='ocrx_word' id='word_1_65' title='bbox 1286 1358 1399 1396; x_wconf 78' lang='lat' dir='ltr'><strong>dic-es.</strong></span> 
     </span>
    </p>
   </div>
   <div class='ocr_carea' id='block_1_5' title="bbox 667 1449 1110 1595">
    <p class='ocr_par' dir='ltr' id='par_1_7' title="bbox 667 1449 1110 1595">
     <span class='ocr_line' id='line_1_20' title="bbox 757 1449 1028 1490; baseline 0.004 -1"><span class='ocrx_word' id='word_1_66' title='bbox 757 1449 943 1490; x_wconf 90' lang='lat' dir='ltr'>SCENA</span> <span class='ocrx_word' id='word_1_67' title='bbox 979 1450 1028 1490; x_wconf 87' lang='lat' dir='ltr'><strong>V.</strong></span> 
     </span>
     <span class='ocr_line' id='line_1_21' title="bbox 667 1554 1110 1595; baseline 0.002 -6"><span class='ocrx_word' id='word_1_68' title='bbox 667 1554 915 1595; x_wconf 80' lang='lat' dir='ltr'><strong>CHREMES,</strong></span> <span class='ocrx_word' id='word_1_69' title='bbox 942 1555 1110 1591; x_wconf 83' lang='lat' dir='ltr'><strong>SYRUS.</strong></span> 
     </span>
    </p>
   </div>
   <div class='ocr_carea' id='block_1_6' title="bbox 270 1662 1204 2339">
    <p class='ocr_par' dir='ltr' id='par_1_8' title="bbox 270 1662 1204 2233">
     <span class='ocr_line' id='line_1_22' title="bbox 799 1662 976 1690; baseline -0.006 -1"><span class='ocrx_word' id='word_1_70' title='bbox 799 1662 976 1690; x_wconf 64' lang='lat' dir='ltr'><strong>canemus.</strong></span> 
     </span>
     <span class='ocr_line' id='line_1_23' title="bbox 273 1708 1204 1758; baseline 0.001 -12"><span class='ocrx_word' id='word_1_71' title='bbox 273 1711 325 1747; x_wconf 83' lang='lat' dir='ltr'><strong>lta</strong></span> <span class='ocrx_word' id='word_1_72' title='bbox 344 1720 404 1747; x_wconf 88' lang='lat' dir='ltr'><strong>me</strong></span> <span class='ocrx_word' id='word_1_73' title='bbox 423 1708 462 1747; x_wconf 91' lang='lat' dir='ltr'><strong>di</strong></span> <span class='ocrx_word' id='word_1_74' title='bbox 481 1709 672 1758; x_wconf 82' lang='lat' dir='ltr'><strong>amabunt,</strong></span> <span class='ocrx_word' id='word_1_75' title='bbox 688 1715 730 1749; x_wconf 88' lang='lat' dir='ltr'><strong>ut</strong></span> <span class='ocrx_word' id='word_1_76' title='bbox 746 1722 844 1749; x_wconf 85' lang='lat' dir='ltr'><strong>nunc</strong></span> <span class='ocrx_word' id='word_1_77' title='bbox 862 1710 1067 1749; x_wconf 84' lang='lat' dir='ltr'><strong>Menedemi</strong></span> <span class='ocrx_word' id='word_1_78' title='bbox 1089 1709 1204 1747; x_wconf 89' lang='lat' dir='ltr'><strong>vicem</strong></span> 
     </span>
     <span class='ocr_line' id='line_1_24' title="bbox 272 1769 1172 1812; baseline 0 -6"><span class='ocrx_word' id='word_1_79' title='bbox 272 1769 419 1807; x_wconf 79' lang='lat' dir='ltr'><strong>Miseret</strong></span> <span class='ocrx_word' id='word_1_80' title='bbox 435 1780 508 1812; x_wconf 87' lang='lat' dir='ltr'><strong>me,</strong></span> <span class='ocrx_word' id='word_1_81' title='bbox 529 1773 674 1808; x_wconf 85' lang='lat' dir='ltr'><strong>tantum</strong></span> <span class='ocrx_word' id='word_1_82' title='bbox 694 1769 884 1808; x_wconf 87' lang='lat' dir='ltr'><strong>devenisse</strong></span> <span class='ocrx_word' id='word_1_83' title='bbox 901 1769 948 1807; x_wconf 84' lang='lat' dir='ltr'><strong>ad</strong></span> <span class='ocrx_word' id='word_1_84' title='bbox 968 1780 1053 1807; x_wconf 90' lang='lat' dir='ltr'><strong>eum</strong></span> <span class='ocrx_word' id='word_1_85' title='bbox 1070 1769 1172 1807; x_wconf 81' lang='lat' dir='ltr'><strong>mali.</strong></span> 
     </span>
     <span class='ocr_line' id='line_1_25' title="bbox 273 1827 1172 1868; baseline 0 -3"><span class='ocrx_word' id='word_1_86' title='bbox 273 1827 464 1867; x_wconf 84' lang='lat' dir='ltr'><strong>lllanccine</strong></span> <span class='ocrx_word' id='word_1_87' title='bbox 485 1828 680 1868; x_wconf 87' lang='lat' dir='ltr'><strong>mulierem</strong></span> <span class='ocrx_word' id='word_1_88' title='bbox 700 1828 802 1867; x_wconf 86' lang='lat' dir='ltr'><strong>alere</strong></span> <span class='ocrx_word' id='word_1_89' title='bbox 817 1839 902 1867; x_wconf 86' lang='lat' dir='ltr'><strong>cum</strong></span> <span class='ocrx_word' id='word_1_90' title='bbox 922 1828 987 1866; x_wconf 83' lang='lat' dir='ltr'><strong>illa</strong></span> <span class='ocrx_word' id='word_1_91' title='bbox 1005 1827 1172 1866; x_wconf 77' lang='lat' dir='ltr'><strong>familia?</strong></span> 
     </span>
     <span class='ocr_line' id='line_1_26' title="bbox 272 1887 1110 1937; baseline 0 -12"><span class='ocrx_word' id='word_1_92' title='bbox 272 1887 346 1925; x_wconf 86' lang='lat' dir='ltr'><strong>Etsi</strong></span> <span class='ocrx_word' id='word_1_93' title='bbox 365 1887 454 1936; x_wconf 83' lang='lat' dir='ltr'><strong>scio,</strong></span> <span class='ocrx_word' id='word_1_94' title='bbox 475 1887 586 1928; x_wconf 87' lang='lat' dir='ltr'><strong>hosce</strong></span> <span class='ocrx_word' id='word_1_95' title='bbox 605 1888 748 1937; x_wconf 86' lang='lat' dir='ltr'><strong>aliquot</strong></span> <span class='ocrx_word' id='word_1_96' title='bbox 766 1888 845 1926; x_wconf 89' lang='lat' dir='ltr'><strong>dies</strong></span> <span class='ocrx_word' id='word_1_97' title='bbox 862 1899 937 1926; x_wconf 89' lang='lat' dir='ltr'><strong>non</strong></span> <span class='ocrx_word' id='word_1_98' title='bbox 955 1887 1110 1926; x_wconf 87' lang='lat' dir='ltr'><strong>sentiet:</strong></span> 
     </span>
     <span class='ocr_line' id='line_1_27' title="bbox 271 1945 955 1995; baseline -0.001 -11"><span class='ocrx_word' id='word_1_99' title='bbox 271 1948 324 1985; x_wconf 86' lang='lat' dir='ltr'><strong>lta</strong></span> <span class='ocrx_word' id='word_1_100' title='bbox 340 1957 473 1995; x_wconf 84' lang='lat' dir='ltr'><strong>magno</strong></span> <span class='ocrx_word' id='word_1_101' title='bbox 490 1945 676 1985; x_wconf 81' lang='lat' dir='ltr'><strong>desiderio</strong></span> <span class='ocrx_word' id='word_1_102' title='bbox 696 1946 766 1984; x_wconf 82' lang='lat' dir='ltr'><strong>fuit</strong></span> <span class='ocrx_word' id='word_1_103' title='bbox 785 1946 820 1984; x_wconf 90' lang='lat' dir='ltr'><strong>ei</strong></span> <span class='ocrx_word' id='word_1_104' title='bbox 845 1946 955 1984; x_wconf 83' lang='lat' dir='ltr'><strong>lilius.</strong></span> 
     </span>
     <span class='ocr_line' id='line_1_28' title="bbox 271 2003 1188 2055; baseline -0.001 -12"><span class='ocrx_word' id='word_1_105' title='bbox 271 2007 409 2055; x_wconf 82' lang='lat' dir='ltr'><strong>Verum</strong></span> <span class='ocrx_word' id='word_1_106' title='bbox 429 2005 494 2044; x_wconf 88' lang='lat' dir='ltr'><strong>uhi</strong></span> <span class='ocrx_word' id='word_1_107' title='bbox 512 2005 650 2044; x_wconf 86' lang='lat' dir='ltr'><strong>videbit</strong></span> <span class='ocrx_word' id='word_1_108' title='bbox 670 2009 789 2044; x_wconf 85' lang='lat' dir='ltr'><strong>tantos</strong></span> <span class='ocrx_word' id='word_1_109' title='bbox 807 2004 877 2043; x_wconf 89' lang='lat' dir='ltr'><strong>sibi</strong></span> <span class='ocrx_word' id='word_1_110' title='bbox 895 2009 1063 2054; x_wconf 85' lang='lat' dir='ltr'><strong>sumptus</strong></span> <span class='ocrx_word' id='word_1_111' title='bbox 1086 2003 1188 2042; x_wconf 87' lang='lat' dir='ltr'><strong>domi</strong></span> 
     </span>
     <span class='ocr_line' id='line_1_29' title="bbox 271 2064 1003 2112; baseline -0.003 -9"><span class='ocrx_word' id='word_1_112' title='bbox 271 2064 513 2110; x_wconf 78' lang='lat' dir='ltr'><strong>Quotidianos</strong></span> <span class='ocrx_word' id='word_1_113' title='bbox 533 2064 629 2112; x_wconf 85' lang='lat' dir='ltr'><strong>fieri,</strong></span> <span class='ocrx_word' id='word_1_114' title='bbox 648 2075 716 2103; x_wconf 85' lang='lat' dir='ltr'><strong>nec</strong></span> <span class='ocrx_word' id='word_1_115' title='bbox 735 2064 816 2103; x_wconf 83' lang='lat' dir='ltr'><strong>fieri</strong></span> <span class='ocrx_word' id='word_1_116' title='bbox 834 2064 1003 2112; x_wconf 86' lang='lat' dir='ltr'><strong>modum,</strong></span> 
     </span>
     <span class='ocr_line' id='line_1_30' title="bbox 271 2122 1030 2173; baseline -0.003 -11"><span class='ocrx_word' id='word_1_117' title='bbox 271 2123 422 2173; x_wconf 85' lang='lat' dir='ltr'><strong>Optabit</strong></span> <span class='ocrx_word' id='word_1_118' title='bbox 438 2135 584 2162; x_wconf 89' lang='lat' dir='ltr'><strong>rursum</strong></span> <span class='ocrx_word' id='word_1_119' title='bbox 609 2128 650 2162; x_wconf 90' lang='lat' dir='ltr'><strong>ut</strong></span> <span class='ocrx_word' id='word_1_120' title='bbox 667 2123 776 2162; x_wconf 81' lang='lat' dir='ltr'><strong>abeat</strong></span> <span class='ocrx_word' id='word_1_121' title='bbox 794 2124 841 2162; x_wconf 84' lang='lat' dir='ltr'><strong>ab</strong></span> <span class='ocrx_word' id='word_1_122' title='bbox 863 2134 903 2162; x_wconf 86' lang='lat' dir='ltr'><strong>se</strong></span> <span class='ocrx_word' id='word_1_123' title='bbox 920 2122 1030 2162; x_wconf 85' lang='lat' dir='ltr'><strong>filius.</strong></span> 
     </span>
     <span class='ocr_line' id='line_1_31' title="bbox 270 2184 736 2233; baseline -0.002 -12"><span class='ocrx_word' id='word_1_124' title='bbox 270 2184 404 2232; x_wconf 78' lang='lat' dir='ltr'>Syrum</span> <span class='ocrx_word' id='word_1_125' title='bbox 423 2187 574 2233; x_wconf 84' lang='lat' dir='ltr'><strong>optume</strong></span> <span class='ocrx_word' id='word_1_126' title='bbox 594 2194 736 2222; x_wconf 86' lang='lat' dir='ltr'><strong>eccum.</strong></span> 
     </span>
    </p>

    <p class='ocr_par' dir='ltr' id='par_1_9' title="bbox 736 2253 1139 2339">
     <span class='ocr_line' id='line_1_32' title="bbox 821 2253 951 2280; baseline -0.008 0"><span class='ocrx_word' id='word_1_127' title='bbox 821 2253 951 2280; x_wconf 67' lang='lat' dir='ltr'><strong>simus.</strong></span> 
     </span>
     <span class='ocr_line' id='line_1_33' title="bbox 736 2299 1139 2339; baseline -0.005 -1"><span class='ocrx_word' id='word_1_128' title='bbox 736 2302 845 2339; x_wconf 90' lang='lat' dir='ltr'><strong>Cesso</strong></span> <span class='ocrx_word' id='word_1_129' title='bbox 861 2301 958 2338; x_wconf 88' lang='lat' dir='ltr'>hunc</span> <span class='ocrx_word' id='word_1_130' title='bbox 975 2299 1139 2337; x_wconf 71' lang='lat' dir='ltr'><strong>adoriri?</strong></span> 
     </span>
    </p>
   </div>
   <div class='ocr_carea' id='block_1_7' title="bbox 1615 946 1624 1539">
    <p class='ocr_par' dir='ltr' id='par_1_10' title="bbox 1615 946 1624 1539">
     <span class='ocr_line' id='line_1_34' title="bbox 1615 946 1624 1539; textangle 90"><span class='ocrx_word' id='word_1_131' title='bbox 1615 1422 1624 1539; x_wconf 65' lang='lat' dir='ltr'>—n—.——.</span> <span class='ocrx_word' id='word_1_132' title='bbox 1616 1293 1624 1386; x_wconf 45' lang='grc' dir='ltr'><strong>,ι’-μ</strong></span> <span class='ocrx_word' id='word_1_133' title='bbox 1615 1196 1624 1267; x_wconf 36' lang='grc' dir='ltr'><strong><em>...ι-η</em></strong></span> <span class='ocrx_word' id='word_1_134' title='bbox 1619 1108 1624 1152; x_wconf 83' lang='grc'><em>-...</em></span> <span class='ocrx_word' id='word_1_135' title='bbox 1620 1054 1624 1066; x_wconf 88' lang='grc'><strong>..</strong></span> <span class='ocrx_word' id='word_1_136' title='bbox 1620 989 1624 994; x_wconf 94' lang='grc'><em>.</em></span> <span class='ocrx_word' id='word_1_137' title='bbox 1619 946 1624 947; x_wconf 56' lang='grc'>,</span> 
     </span>
    </p>
   </div>
  </div>
 </body>
</html>
