1624 2632
252 210 321 245 ⁴24
536 209 773 246 HEAUTON
809 210 1200 249 TIMORUMENOS.

254 289 287 324 ln
301 292 461 325 montem
479 289 594 327 venit:
606 300 690 326 nam
703 300 813 337 quam
825 289 1040 328 adulescens
1055 291 1212 330 maxime
1223 302 1287 340 spe
1298 291 1389 330 situs
1399 295 1484 339 erit,

250 349 336 383 Tam
361 347 545 385 facillume
565 348 681 396 patris
700 358 828 396 pacem
849 349 883 386 in
900 349 999 397 leges
1017 349 1188 388 conficiet
1202 361 1299 388 suas.

250 405 364 441 Etiam
388 406 484 443 haud
504 407 581 444 scio
598 417 693 444 anne
714 418 865 445 uxorem
883 407 993 445 ducat
1014 422 1022 445 ε
1047 412 1084 446 at
1099 409 1191 457 Syro
1210 408 1300 447 nihil
1318 409 1456 458 gratiae.

248 464 352 508 Quid
371 465 438 502 lioc
463 467 614 503 autem?
632 467 750 504 Senex
769 466 842 504 exit
862 467 961 504 foras
983 480 992 504 :
1016 477 1084 516 ego
1107 467 1221 516 fugio.
1236 468 1364 506 Adhuc
1379 467 1480 517 quod

297 523 465 561 factumst

248 580 372 627 Miror,
387 582 560 620 continuo
580 594 655 620 non
672 583 775 632 jusse
795 594 854 621 me
870 583 1004 633 adripi.
1025 584 1081 622 Ad
1099 585 1356 624 Menedemum
1381 585 1479 624 hunc

295 651 457 688 pergam.

246 700 336 736 Eum
356 700 445 737 mihi
464 705 695 751 precatorem
710 712 800 750 paro
821 715 830 739 :
850 703 928 740 seni
942 707 1067 741 nostro
1087 703 1159 741 lide
1172 703 1239 742 nili
1258 703 1391 742 habeo.

714 811 902 851 SCENA
930 813 1002 852 IV.

590 909 851 951 SOSTRATA,
883 911 1124 946 CHREMES.

757 1009 956 1037 sosrmu.

241 1052 408 1092 Profecto
426 1053 495 1093 nisi
514 1067 620 1094 caves
637 1061 675 1095 tu
694 1057 828 1104 homo,
846 1058 986 1107 aliquid
1006 1062 1116 1106 gnato
1136 1058 1310 1096 conficies
1326 1058 1413 1096 mali
1434 1071 1445 1096 :

240 1112 351 1161 quue
371 1113 464 1152 adeo
485 1115 602 1153 miror
619 1116 807 1165 quomodo

238 1173 326 1209 Tam
343 1173 510 1222 ineptum
528 1175 728 1224 quicquam
751 1174 818 1212 tibi
844 1175 970 1213 venire
990 1175 1028 1213 in
1049 1180 1231 1223 mentem,
1250 1175 1299 1213 mi
1317 1175 1384 1223 vir,
1403 1187 1470 1225 po-

222 1278 224 1280 ,
268 1227 410 1269 ‘tuerit-

764 1303 941 1331 canamus.

235 1349 380 1397 Pergin,
396 1349 544 1398 mulier,
561 1350 688 1388 odiosa
703 1354 813 1389 esse?
834 1352 1031 1389 Nullamne
1046 1362 1116 1400 ego
1133 1362 1213 1390 rem
1233 1363 1409 1401 umquam
1430 1354 1467 1391 in

280 1408 352 1445 vita
372 1419 456 1446 mea
958 1446 962 1456 ‚

234 1466 352 1510 Volui,
367 1467 455 1515 quin
474 1472 513 1505 tu
528 1468 564 1505 in
584 1479 628 1506 ea
644 1479 684 1506 re
703 1468 795 1506 mihi
814 1468 930 1507 fueris
949 1468 1191 1517 advorsatrix,
1212 1471 1405 1508 Sostrata?
1419 1475 1467 1508 At

234 1525 270 1563 Si
290 1526 447 1574 rogitem
462 1526 541 1574 Jam
561 1527 651 1576 quid
670 1532 726 1565 est
749 1528 849 1576 quod
866 1539 1032 1578 peccem,
1046 1533 1110 1566 aut
1132 1529 1375 1577 quamobrem
1395 1529 1466 1568 hoc

244 1611 246 1614 .
280 1583 425 1632 faciam,
442 1586 596 1628 nescias,

233 1644 271 1681 ln
291 1654 365 1692 qua
384 1654 423 1682 re
438 1655 536 1683 nunc
554 1649 629 1683 tam
649 1645 880 1684 confidenter
897 1649 1029 1693 restas,
1043 1645 1169 1684 stulta.

751 1715 948 1743 sos-nun.

1144 1786 1148 1794 ·
1202 1768 1276 1813 Ego
1295 1769 1438 1805 nesolo!

759 1834 938 1861 canemus.

234 1882 347 1918 Immo
364 1880 435 1919 scis
451 1880 588 1929 potius,
604 1892 716 1930 quam
736 1882 887 1930 quidem
917 1881 1046 1919 redeat
1063 1882 1110 1919 ad
1128 1882 1312 1931 integrum
1333 1883 1464 1922 eadem

279 1938 409 1977 oratio.

749 2010 946 2038 sosrmn.

232 2053 303 2103 oh,
324 2056 471 2110 iniquus
490 2067 544 2106 es,
556 2057 620 2107 qui
639 2068 699 2097 me
714 2062 836 2097 tacere
855 2058 902 2096 de
920 2069 960 2096 re
979 2061 1081 2097 tanta
1095 2060 1272 2108 postules.

757 2186 935 2214 canemus.

229 2232 306 2270 Non
336 2231 484 2280 postulo
505 2246 515 2271 :
535 2232 614 2281 jam
639 2233 791 2282 loquere
811 2246 821 2271 ε
847 2233 964 2272 nihilo
987 2233 1110 2271 minus
1134 2245 1203 2282 ego
1226 2236 1296 2274 hoc
1327 2236 1460 2274 faciam

275 2295 415 2330 tamen.
