1586 2658
615 353 962 403 PROLOGUS

175 589 310 635 Hecyra
327 592 381 626 est
397 588 483 626 huic
495 599 629 627 nomen
648 589 794 628 fabulae.
816 593 897 629 Haec
911 602 994 630 cum
1011 592 1098 631 data

173 648 271 684 Nova
285 651 355 694 est,
376 658 511 686 novum
525 647 721 687 intervenit
735 649 864 687 vitium
884 654 922 688 et
940 651 1143 697 calamitas,

174 707 219 743 Ut
233 716 353 755 neque
370 706 526 756 spectari
546 717 667 757 neque
680 709 851 758 cognosci
875 710 1037 759 potuerit
1055 724 1066 750 :

172 766 225 802 ita
243 765 402 813 populus
418 765 541 804 studio
561 767 730 816 stupidus
742 767 779 806 in
796 767 1014 808 funambulo

172 824 344 862 Animum
364 829 574 874 occuparat.
595 828 698 865 Nunc
714 827 792 868 haec
806 827 916 876 plane
929 833 986 866 est
1001 839 1069 878 pro
1086 840 1181 868 nova
1188 843 1202 878 ς

171 884 214 919 Et
234 883 264 920 is
281 882 343 931 qui
359 884 505 932 scripsit
516 885 623 929 hanc,
639 885 687 924 ob
700 894 784 924 eam
804 897 884 925 rem
898 887 1018 925 noluit

170 943 304 979 lterum
325 943 480 991 referre,
493 948 533 982 ut
548 943 683 983 iterum
705 949 830 994 posset
846 945 1018 986 vendere.

170 1001 268 1039 Alias
283 1003 469 1050 cognostis
487 1003 570 1052 ejus
587 1016 597 1041 z
618 1014 743 1053 quaeso
760 1004 855 1043 hanc
869 1005 1023 1044 noscite.

548 1112 715 1148 ALTER
740 1112 1025 1151 PROLOGUS.

167 1200 299 1238 Orator
317 1199 364 1237 ad
381 1210 445 1238 vos
461 1200 567 1238 venio
587 1204 720 1238 ornatu
738 1201 883 1250 prologi
908 1214 917 1239 :

166 1258 279 1296 Sinite
300 1262 472 1297 exorator
487 1259 556 1297 sim
575 1272 585 1297 :
605 1259 741 1297 eodem
761 1264 802 1298 ut
816 1260 903 1308 ,iure
917 1261 971 1298 uti
993 1272 1123 1300 senem

165 1317 304 1364 Liceat,
318 1328 394 1366 quo
410 1317 496 1365 jure
512 1318 596 1355 sum
611 1329 698 1356 usus
718 1317 1013 1368 adulescentior3

164 1377 282 1413 Novas
300 1375 364 1425 qui
379 1379 525 1415 exactas
541 1376 612 1415 feci
633 1381 674 1415 ut
693 1377 1025 1426 inveterascerent,

143 1477 145 1479 ¹
163 1436 215 1472 Ne
235 1446 319 1473 cum
336 1440 445 1485 poeta
465 1435 648 1485 scriptura
659 1441 907 1475 evanesceret.

163 1494 201 1530 ln
216 1493 288 1541 his,
309 1504 401 1543 quas
418 1494 582 1543 primum
601 1494 724 1533 Caecili
736 1494 849 1534 didici
866 1506 993 1540 novas,

163 1553 299 1591 Partim
317 1563 401 1591 sum
419 1563 548 1592 earum
568 1558 718 1593 exactus
736 1567 746 1593 :
765 1554 902 1604 partim
920 1554 978 1592 vix
996 1556 1097 1593 steti.

161 1612 255 1658 Quia
268 1611 408 1650 scibam
429 1611 583 1651 dubiam
604 1612 794 1652 fortunam
807 1624 891 1652 esse
910 1613 1110 1662 scenicam,

163 1672 234 1721 Spe
255 1671 395 1710 incerta
410 1675 556 1710 certum
575 1671 669 1710 mihi
689 1671 856 1711 laborem
878 1673 1023 1711 sustuli.

163 1730 322 1769 Easdem
338 1741 449 1779 agere
465 1730 574 1780 coepi,
594 1736 635 1769 ut
651 1731 699 1770 ab
716 1731 851 1770 eodem
865 1731 958 1770 alias
976 1732 1158 1770 discerem

160 1791 295 1837 Novas,
309 1789 500 1829 studiose:
521 1800 568 1828 ne
587 1789 696 1829 illum
715 1790 764 1830 ab
781 1790 905 1834 studio
924 1790 1162 1830 abducerem.

162 1848 302 1887 Perfeci
322 1853 362 1887 ut
378 1853 648 1899 spectarentur.
666 1849 735 1888 Ubi
751 1854 838 1888 sunt
850 1850 1021 1899 cognitae,

161 1908 307 1946 Placitae
320 1913 418 1946 sunt.
437 1910 491 1947 lta
509 1912 661 1958 poetam
677 1908 823 1947 restitui
839 1908 878 1947 in
897 1909 1035 1956 locum,

161 1969 281 2015 Prope
295 1967 373 2015 jam
386 1972 574 2006 remotum
592 1967 729 2017 injuria
748 1968 999 2006 adversarium

160 2026 216 2064 Ab
238 2026 360 2064 studio
376 2031 487 2075 atque
504 2027 551 2065 ab
565 2026 692 2065 labore
708 2031 819 2076 atque
836 2031 916 2064 arte
937 2027 982 2064 ab
996 2025 1149 2064 musica.

161 2084 299 2130 Quodsi
318 2085 538 2134 scripturam
557 2085 776 2135 sprevissem
794 2086 831 2124 in
849 2087 1059 2135 praesentia,

198 2202 224 2230 1.
245 2203 391 2230 Prononee
406 2202 423 2230 ὲ
435 2202 462 2230 la
476 2202 598 2231 seconde
614 2202 852 2239 representation.

196 2246 223 2271 2.
243 2244 388 2271 Prononce
399 2243 417 2271 ὲ
429 2243 457 2271 la
476 2244 617 2272 troisieme
631 2243 868 2280 representation.

195 2283 225 2353 ἰ.
247 2287 284 2313 Le
305 2285 465 2331 preloque,
491 2293 529 2314 ou
551 2293 702 2323 personne
716 2286 913 2322 protulique,
934 2283 1013 2312 unit
1035 2292 1074 2312 un
1096 2283 1284 2314 habitio-tent
1306 2284 1399 2324 ponfi-

159 2334 193 2354 eu
215 2333 260 2354 er.
