1586 2658
221 241 262 272 :38
731 226 941 263 ANDRIA.

729 315 947 344 unvanus.

852 362 945 401 vide
964 372 1039 412 quo
1058 372 1117 401 me
1137 361 1302 415 inducas.

767 432 902 461 nnus.

1217 477 1313 524 Quin
1328 478 1453 516 taces?

725 549 946 578 nummus.

219 603 355 642 Dicam.
375 606 534 643 Puerum
546 609 671 642 autem
684 614 730 641 ne
745 602 921 641 resciscat
932 601 985 640 mi
996 611 1132 650 esseex
1142 600 1221 646 illa,
1235 601 1360 640 cautio
1374 604 1453 639 est:

219 665 311 701 Nam
329 663 518 714 pollicitus
537 674 619 702 sum
637 667 911 710 suscepturum.

770 731 904 759 navus.
1029 760 1034 767 f
1093 735 1095 737 ¹

873 782 901 816 Ο
916 778 1058 817 facinus
1073 778 1216 817 audax!

726 848 946 877 nummus.

446 937 469 952 ι
1222 897 1321 933 Hanc
1341 894 1455 933 fidem

220 955 295 995 Sibi
313 967 374 995 me
387 955 614 999 obsecravit,
630 955 749 1004 quise
761 955 873 994 sciret
884 965 958 993 non
971 954 1160 992 desertum
1174 954 1219 992 iri
1230 981 1240 998 ‚
1255 958 1297 992 ut
1309 953 1451 992 darem.

771 1024 904 1052 mvus.

221 1073 432 1113 curabitur.
452 1073 525 1112 Sed
544 1078 651 1123 pater
670 1072 788 1111 adest.
809 1074 903 1111 Cave
915 1100 928 1119 ‚
944 1076 982 1110 te
997 1082 1079 1110 esse
1098 1071 1242 1110 tristem
1259 1071 1405 1110 sentiat.

707 1309 895 1349 SCENA
930 1309 979 1350 V.

500 1454 637 1495 snio,
673 1454 844 1494 DAVUS,
878 1451 1177 1488 PAMPHILUS.
1251 1453 1254 1456 ⁴

789 1611 889 1639 smo.

223 1663 355 1702 Reviso
373 1660 464 1711 quid
479 1664 610 1710 agant,
630 1664 695 1699 aut
709 1659 802 1708 quid
817 1662 967 1708 captent
980 1657 1124 1697 consili.

690 1755 693 1758 ,
771 1729 905 1756 navus.

223 1781 287 1819 Hic
302 1791 400 1818 nunc
418 1790 492 1817 non
511 1778 682 1826 dubitat,
701 1778 791 1827 quin
814 1781 851 1815 te
868 1776 1067 1814 ducturum
1089 1786 1215 1825 neges.

222 1839 331 1877 Venit
350 1837 550 1876 meditatus
569 1836 740 1875 alicunde
757 1847 801 1875 ex
818 1836 899 1874 solo
920 1835 1001 1874 loco
1021 1849 1032 1873 :

223 1897 433 1936 Orationem
456 1900 580 1945 sperat
595 1894 776 1934 invenisse
793 1906 832 1933 se
844 1924 853 1938 ,

223 1957 292 2002 Qui
311 1956 458 1994 diflerat
475 1959 512 1993 te
532 1954 671 2005 :proin
686 1959 728 1993 tu
743 1955 801 1992 fac
821 1952 921 2003 apud
939 1956 974 2004 te
990 1957 1031 1991 ut
1048 1952 1135 1991 sies.

726 2023 946 2061 nummus,

222 2073 331 2113 Modo
350 2078 391 2112 ut
408 2072 547 2122 possim
561 2101 574 2121 ‚
592 2075 701 2111 Dave.

773 2142 906 2178 nnus.

718 2189 842 2238 crede,
854 2189 1006 2239 inquam
1025 2188 1097 2227 hoc
1114 2187 1207 2227 mihi
1215 2217 1229 2236 ‚
1245 2187 1457 2238 Pamphile,

163 2253 169 2260 ’
223 2252 430 2305 Numquam
444 2248 556 2287 hodie
572 2250 697 2288 tecum
714 2251 1030 2287 commutaturum
1048 2252 1192 2297 patrem

225 2307 341 2347 Unum
359 2318 440 2347 esse
453 2307 609 2346 verbum
621 2336 634 2355 ,
652 2306 683 2345 si
702 2311 740 2345 te
758 2306 866 2345 dices>
879 2305 1030 2344 ducere.
