1586 2658
217 219 264 256 “12
732 212 941 252 ANDRIA.

218 298 311 334 Deos
328 304 475 344 quaeso,
495 297 536 332 ut
555 292 604 332 sit
621 294 830 342 superstes,
849 285 1152 338 quandoquidem
1172 285 1286 334 ipsest
1310 283 1457 333 ingemo

219 354 415 464 Quliffigi’ie
429 410 516 451 huic
529 409 683 450 veritust
701 413 866 459 optumae
879 402 1110 444 adulescenti
1124 402 1237 442 facer:
1267 383 1457 453 injuriam.

695 533 885 574 SCENA
911 531 987 571 lv,

670 650 809 690 suto,
841 648 1010 684 DAVUS.

790 765 891 794 snio.

224 821 289 860 Vel
307 820 380 859 hoc
394 819 479 870 quis
493 827 567 857 non
584 815 726 863 credat,
742 815 807 864 qui
821 819 858 852 te
877 813 990 861 norit,
1008 813 1073 852 abs
1088 817 1126 852 te
1144 824 1224 853 esse
1237 819 1360 853 ortum
1370 817 1393 852 ‘t

777 943 909 972 navus.

1136 991 1320 1038 Quidnam
1333 992 1372 1031 id
1384 994 1464 1032 est?

793 1062 895 1090 smo.

227 1119 308 1155 Non
321 1113 529 1165 imperabat
546 1122 674 1151 eoram
690 1111 782 1160 quid
797 1121 892 1159 opus
912 1109 1011 1148 facto
1027 1113 1126 1148 esset
1141 1120 1333 1160 puerperae
1351 1124 1362 1149 ε

229 1176 300 1214 Sed
317 1178 514 1224 postquam
534 1174 730 1220 egressast‚
750 1169 838 1214 illis,
855 1179 938 1218 quae
950 1173 1035 1207 sunt
1052 1169 1165 1217 intuS,
1179 1169 1315 1208 clamat
1330 1169 1376 1208 de
1392 1169 1462 1208 via.

228 1238 257 1274 Ο
276 1237 391 1277 Dave,
412 1232 490 1271 itan
502 1234 720 1269 contemnor
738 1228 805 1266 abs
823 1229 886 1266 te?
904 1232 969 1272 aut
986 1227 1085 1266 itane
1105 1228 1256 1267 tandem
1275 1228 1433 1268 idoneus

229 1293 309 1332 Tibi
328 1291 456 1330 videor
474 1300 571 1336 esse,
587 1299 700 1338 quem
718 1291 794 1325 tam
814 1291 942 1336 aperte
958 1287 1088 1325 fallere
1107 1287 1261 1336 incipias
1275 1288 1397 1326 dolis?

228 1353 368 1392 Saltem
387 1352 557 1389 accurate
576 1361 586 1386 ε
607 1351 649 1386 ut
662 1347 780 1385 metui
796 1345 923 1384 videar
938 1350 1055 1394 certe,
1074 1346 1107 1385 si
1125 1346 1347 1386 resciverim.

231 1591 341 1627 Certe
356 1585 481 1626 hercle
498 1595 596 1623 nunc
612 1584 674 1623 hic
686 1595 726 1623 se
739 1535 964 1633 ipssuAsvtt'zlisliiss
984 1583 1083 1621 haud
1097 1594 1179 1632 ego.

800 1713 902 1741 snio.

1203 1763 1331 1803 Edixin
1352 1765 1433 1807 tibi,

235 1821 494 1865 interminatus
511 1832 615 1869 sum,
634 1832 681 1859 ne
698 1820 866 1859 faceres?
885 1823 981 1859 Num
998 1821 1173 1860 veritu's?
1196 1824 1293 1869 Quid
1319 1824 1474 1862 retulit?

234 1885 380 1924 Credon
401 1881 468 1922 tibi
486 1881 557 1919 hoc
574 1891 673 1918 nune
686 1878 876 1929 peperisse
894 1879 990 1918 hanc
1005 1891 1026 1918 e
1042 1874 1266 1930 Pamphilo?

785 1949 917 1977 nnus.

238 2006 356 2042 reneo
372 2000 463 2051 quid
482 2004 595 2047 erret,
614 2003 652 2038 et
669 1998 760 2048 quid
779 2008 886 2046 agam
904 1997 1038 2036 habeo.

803 2068 901 2095 smo.

1041 2118 1136 2162 Quid
1155 2122 1282 2157 taces?

785 2187 919 2214 uivus.

235 2238 333 2288 Quid
346 2238 502 2280 eredas?
515 2235 628 2284 Quasi
642 2246 719 2276 non
737 2234 805 2274 tibi
822 2234 1036 2274 renunciata
1052 2235 1125 2274 sint
1142 2235 1221 2275 haee
1237 2237 1290 2275 sic
1303 2238 1400 2278 fore.
