1624 2632
209 199 279 235 242
714 200 930 239 HECYRA.

208 280 298 315 Nam
318 277 477 316 abducta
494 288 518 316 a
534 277 640 317 vobis
655 289 822 328 praegnas
842 281 964 321 fuerat
984 281 1072 331 mia,

208 338 332 385 Neque
353 336 465 375 fuisse
486 341 734 386 praegnantem
754 350 917 388 unquam
933 345 1019 380 ante
1037 341 1135 380 hunc
1148 342 1234 381 scivi
1250 351 1363 383 mem.

745 409 895 450 menes.

208 455 318 501 Bene,
334 454 385 491 ita
402 464 461 492 me
482 454 519 492 di
538 460 676 498 ament,
693 457 840 494 nuntias
856 470 866 496 :
882 462 920 496 et
935 458 1073 507 gaudeo

204 506 476 557 Natumillum,
494 517 532 551 et
547 513 612 552 tibi
631 514 732 552 illam
751 514 901 554 salvam.
923 517 995 556 Sed
1006 516 1097 567 quid
1114 518 1276 558 mulieris

204 573 360 609 Uxorem
373 571 501 619 habes,
518 576 583 610 aut
598 572 732 621 quibus
747 579 930 613 moratam
950 574 1145 614 moribus?

203 631 323 668 Nosne
343 630 414 669 hoc
426 630 563 668 celatos
578 631 718 669 tamdiu
729 633 748 669 ‘l
764 633 914 680 Nequeo
933 633 1033 679 satis,

203 689 320 734 Quam
334 688 404 726 hoc
422 688 512 727 mihi
531 689 675 728 videtur
691 689 828 727 factum
846 702 969 740 prave,
990 692 1173 743 proloqui.

713 759 915 788 Pfflml’Pus.
1200 744 1218 786 .’

204 808 286 844 Non
303 805 369 844 tibi
388 806 479 844 illud
498 806 638 845 factum
656 806 779 845 minus
798 807 931 856 placet.
951 818 1064 857 quam
1084 810 1184 853 mihi,
1205 811 1336 852 Lache.

708 877 930 905 paupercus.

202 922 321 962 Etiam
334 923 365 961 si
383 922 525 961 dudum
543 923 664 962 suerat
677 924 890 972 ambiguum
907 925 979 964 hoc
997 925 1102 974 mihi,

201 985 305 1022 Nunc
322 993 396 1021 non
412 988 481 1027 est,
496 994 611 1032 quum
629 993 711 1021 eam
724 985 965 1032 consequitur
982 984 1124 1029 alienus
1141 997 1247 1035 puer.

740 1053 892 1081 menes.
949 1061 954 1065 ¹
1075 1053 1078 1057 ·

199 1101 307 1139 Nulla
320 1101 402 1147 tibi,
415 1100 619 1150 Pamphile,
637 1100 698 1139 hic
714 1101 793 1148 jam
808 1101 1075 1142 consultatiost.

708 1168 926 1197 nunnitus.

200 1216 308 1254 Perii.

741 1288 890 1316 menes.

316 1337 417 1373 Hunc
436 1334 560 1373 videre
578 1346 674 1383 saepe
695 1335 914 1384 optabamus
931 1336 1045 1385 diem,

198 1396 318 1439 Quum·
332 1405 374 1432 ex
396 1400 429 1431 te
450 1398 544 1431 esset
563 1394 709 1441 aliquis,
729 1395 793 1442 qui
810 1399 846 1433 te
864 1395 1071 1445 appellaret
1089 1400 1231 1446 patrem
1249 1409 1262 1436 ε

198 1450 324 1491 Erenit
343 1465 351 1490 z
370 1451 488 1489 habeo
509 1452 662 1500 gratiam
679 1453 749 1489 dis.

703 1523 919 1550 nummus.

762 1570 891 1608 Nullus
905 1581 999 1609 sum.

735 1639 884 1666 meurs.

197 1689 323 1727 Reduc
343 1698 508 1734 uxorem,
524 1697 567 1725 ac
583 1686 660 1725 noli
678 1687 867 1724 adversam
879 1687 984 1726 mihi.

699 1757 918 1784 nummis.

199 1809 318 1852 Pater,
338 1805 366 1842 si
387 1817 428 1843 ex
451 1815 510 1842 me
524 1804 587 1841 illa
603 1802 739 1841 liberos
758 1805 866 1843 veliet
885 1805 971 1852 sibi,

196 1871 264 1902 Aut
280 1876 318 1902 se
338 1875 417 1902 esse
434 1873 578 1901 mecum
595 1867 768 1911 nuptam,
784 1863 872 1900 satis
885 1869 985 1901 certo
1004 1864 1092 1912 scio,

194 1927 274 1962 Non
294 1935 352 1961 me
367 1923 462 1961 clam
482 1922 651 1969 haberet,
670 1922 770 1970 quod
790 1923 926 1960 celasse
942 1923 1125 1971 intellego.

193 1985 308 2029 Nunc,
329 1993 443 2030 quum
461 1981 541 2029 ejus
562 1981 721 2018 alienum
739 1992 818 2019 esse
836 1993 858 2019 a
878 1993 937 2019 me
955 1982 1117 2019 animum
1139 1983 1309 2029 sentiam,

192 2043 318 2089 Neque
335 2044 600 2078 conventurum
622 2040 717 2077 iuter
731 2050 800 2077 nos
819 2040 970 2088 posthac
987 2040 1158 2087 arbitrer,

191 2099 438 2146 Quamobrem
457 2099 655 2136 reducam?

734 2168 884 2195 Laenas.

661 2218 775 2253 Mater
788 2216 888 2264 quod
907 2215 1020 2253 suasit
1037 2226 1118 2264 sua,

192 2275 413 2316 Adulescens
428 2274 562 2312 mulier
578 2274 674 2313 feeit.
695 2275 948 2312 Mirandumne
969 2274 1004 2312 id
1019 2275 1101 2312 est?
