1624 2632
278 193 360 231 ‘374
573 190 814 228 HEAUTON
845 189 1240 228 TIMORUMENOS.

290 274 404 311 Senex
420 272 591 310 resciscet
608 271 707 309 illico
722 281 803 309 esse
820 270 977 309 amicam
996 271 1091 308 hanc
1109 270 1331 319 Clitiphonis
1349 282 1360 310 :

290 332 328 370 Si
353 330 563 379 abduoeris,
579 329 770 376 celabitur,
787 329 916 368 itidem
934 335 974 367 ut
992 329 1112 367 celata
1129 328 1251 368 adhuc
1268 333 1338 368 est.

861 459 974 485 mxu.

290 513 334 548 At
348 507 450 547 Enim
469 507 561 546 istoc
578 506 671 547 nihil
686 511 742 545 est
761 459 894 555 magis,
914 507 1020 555 Syre,
1033 506 1127 545 meis
1146 506 1285 556 nuptiis
1304 507 1499 547 advorsum
1512 519 1527 548 ε

289 571 381 607 Nam
398 578 472 617 quo
488 578 553 606 ore
569 566 767 617 appellabo
788 567 961 615 patrem?
980 568 1099 605 Tenes
1118 565 1210 615 quid
1232 566 1353 605 dicam
1365 569 1384 604 ἰ)

844 694 973 723 smus.

1360 743 1527 789 Quidni?

841 812 975 839 cmm.

290 861 384 908 Quid
402 861 550 900 dicam?
565 862 681 906 Quam
700 869 847 898 causam
864 859 1060 898 adferam?

838 930 969 958 snus.

1086 977 1180 1024 Quin
1205 978 1291 1016 nolo
1314 979 1523 1018 mentiare:

290 1042 442 1089 Aperte,
462 1039 514 1077 ita
532 1043 575 1077 ut
593 1048 653 1076 res
671 1047 751 1076 sese
772 1036 899 1084 habet,
918 1041 1083 1075 narrato.

837 1106 969 1133 cuitu.

1093 1153 1187 1200 Quid
1205 1154 1258 1192 ais
1270 1156 1289 1191 ‘2

840 1224 970 1251 sutus.

1304 1272 1430 1311 subeo.
1473 1272 1478 1277 “

289 1333 391 1372 illam
412 1339 447 1371 te
467 1343 604 1378 amare,
628 1335 666 1370 et
686 1330 779 1369 velle
803 1341 954 1369 uxorem
977 1343 987 1368 ε
1008 1331 1104 1369 hanc
1121 1341 1202 1369 esse
1220 1331 1449 1380 Clitiphonis.

838 1460 974 1487 CLINIA.

291 1513 425 1547 Bonam
446 1514 556 1558 atque
567 1509 708 1557 justam
723 1518 802 1545 rem
822 1506 961 1556 oppido
981 1506 1154 1555 imperas,
1174 1512 1212 1545 et
1224 1507 1319 1546 sactu
1339 1509 1496 1549 facilem.

289 1571 333 1607 Et
348 1568 485 1606 scilicet
498 1567 577 1616 jam
595 1578 655 1605 me
673 1567 744 1605 hoc
762 1565 865 1604 voles
879 1571 1025 1615 patrem
1042 1576 1213 1614 exorare,
1233 1571 1274 1604 ut
1291 1567 1388 1606 celet

287 1629 419 1666 Senem
436 1631 614 1665 vostrum.

839 1694 970 1723 snus.

503 1746 618 1783 Immo
637 1747 678 1782 ut
696 1747 797 1782 recta
812 1742 872 1781 via
890 1753 968 1781 rem
984 1747 1113 1781 narret
1129 1743 1260 1782 ordine
1279 1755 1439 1784 omnem.

838 1873 970 1901 cuttu.

1407 1924 1521 1962 Hem!
1588 1926 1591 1929 ’

286 1982 386 2022 Satin
404 1992 515 2020 sanus
532 1992 588 2029 es,
598 1985 663 2019 aut
681 1979 855 2020 sobrius?
873 1982 926 2018 Tu
940 1979 1097 2029 quidem
1114 1979 1222 2018 illum
1242 1980 1350 2029 plane
1368 1981 1519 2030 prodis:

286 2044 379 2080 Nam
394 2041 460 2091 qui
476 2041 540 2079 ille
558 2040 695 2089 poterit
712 2051 792 2078 esse
811 2040 849 2077 in
867 2044 948 2077 tuto
960 2040 980 2077 5⁰
1004 2038 1068 2078 Dic
1085 2039 1192 2078 mihi.

836 2109 968 2137 snus.

286 2161 375 2200 Huic
391 2158 564 2209 equidem
577 2158 731 2196 consilio
746 2157 909 2207 palmam
923 2157 998 2195 do:
1017 2156 1077 2195 hic
1092 2167 1152 2195 me
1169 2157 1363 2206 magnifice
1372 2157 1518 2198 ecfer-oz

283 2221 353 2266 Qui
373 2220 446 2257 vim
465 2223 605 2257 tantam
624 2218 659 2255 in
678 2228 738 2255 me
756 2222 794 2255 et
811 2220 1034 2265 potestatem
1053 2216 1212 2254 habeam
1232 2221 1344 2255 tantae
1361 2217 1519 2267 astutio,

284 2281 378 2317 Vera
394 2277 550 2317 dicendo
570 2281 610 2315 ut
628 2287 694 2315 eos
713 2276 844 2314 ambos
864 2274 992 2313 fallam
1003 2288 1015 2323 3
1035 2279 1077 2313 ut
1091 2286 1208 2324 quum
1227 2281 1354 2314 narret
1371 2287 1482 2323 senex
