1586 2658
210 180 255 217 30
721 183 931 219 ANDRIA.

210 261 377 309 Necquid
385 272 491 310 agam
501 261 679 301 certumst
688 275 696 300 :
705 262 989 311 Pamphilumne
996 260 1177 310 adiutem,
1185 272 1232 300 an
1243 259 1448 300 auscultem

255 330 346 357 seni.

209 378 245 415 Si
275 378 379 415 iilum
410 378 600 428 relinquo,
626 378 709 428 ejus
739 379 822 417 vitae
853 379 967 417 timeo
995 391 1005 417 :
1035 378 1092 417 sin
1123 378 1305 427 opitulor,
1334 377 1447 426 hujus

256 446 376 474 minas
384 449 395 484 3
867 451 875 464 ν

209 493 274 532 Cui
284 495 392 532 verba
403 495 492 534 dare
503 495 703 534 difficilest.
712 495 874 534 Primum
884 495 899 544 j
904 506 964 534 am
971 495 1018 534 de
1028 506 1155 533 amore
1167 495 1238 534 hoc
1246 493 1445 545 comperit:

209 554 264 590 Me
278 553 444 592 infensus
463 558 596 601 servat,
614 565 660 592 ne
676 565 788 602 quam
806 553 937 592 faciam
955 553 1019 604 [in]
1036 554 1174 603 nuptiis
1191 553 1388 592 tanaciam.

209 610 246 649 Si
264 612 434 660 senserit,
451 612 567 661 perii3
588 617 651 650 aut
669 613 699 650 si
720 612 875 650 lubitum
896 612 1024 660 fuerit,-
1043 623 1191 651 causam
1210 611 1375 661 ceperit:

209 671 287 715 Qua
301 670 384 717 jure
404 682 552 719 quaque
573 670 710 719 injuria
730 671 958 720 praecipitem
979 671 1015 709 in
1035 670 1231 720 pistrinum
1248 671 1364 709 dabit.

209 730 264 765 Ad
284 729 361 767 haec
375 729 474 767 mala
495 730 563 768 hoc
583 730 634 767 mi
654 729 796 768 accedit
814 729 926 767 etiam
946 743 955 768 :
976 729 1054 768 haec
1073 729 1225 776 Andria,

210 786 290 824 Sive
310 787 378 824 ista
392 798 497 835 uxor,
517 788 594 826 sive
613 788 780 835 amicast,
799 788 949 836 gravida
968 799 989 826 e
1009 788 1204 837 Pamphilo
1225 792 1294 827 est.

209 845 419 895 Audireque
432 857 562 885 eorum
580 851 636 885 est
655 858 778 895 operae
799 847 955 895 pretium
976 846 1169 885 audaciam
1188 860 1198 885 ε

209 907 299 942 Nam
318 904 514 954 inceptiost
533 905 752 952 amentium,
769 905 868 943 haud
889 906 1092 943 amantium
1114 918 1123 943 :

174 1009 178 1012 ¹
209 963 389 1012 Quicquid
409 964 628 1013 peperisset,
648 965 892 1002 decreverunt
909 964 1067 1002 tollere:

210 1024 253 1060 Et
272 1022 414 1070 tingunt
431 1022 632 1071 quamdam
650 1022 745 1061 inter
764 1033 803 1060 se
823 1033 920 1060 nunc
939 1022 1139 1070 fallaciam,

209 1080 332 1118 Civem
350 1080 507 1119 Atticam
525 1092 607 1119 esse
624 1082 731 1119 hanc.
749 1080 834 1119 Fuit
849 1081 940 1119 olim
957 1080 1107 1129 quidam
1124 1090 1236 1118 senex

210 1141 390 1177 Mercator
409 1152 418 1177 ε
436 1149 566 1177 navem
586 1138 618 1177 is
637 1139 747 1188 fregit
769 1139 868 1187 apud
886 1139 1051 1176 Andrum
1070 1138 1228 1176 insulam
1246 1151 1257 1177 ε

211 1199 243 1235 Is
261 1198 352 1236 obiit
374 1202 546 1237 mortem.
570 1198 621 1236 lbi
638 1203 717 1236 tum
736 1198 830 1236 hanc
847 1198 1007 1246 eJectam
1026 1197 1213 1246 Chrysidis

211 1259 355 1294 Patrem
374 1257 556 1306 recepisse
576 1257 719 1303 orbam,
743 1268 908 1306 parvam.
923 1256 1086 1294 Fabulae.

210 1315 296 1353 Mihi
316 1316 467 1369 quidem
485 1327 560 1354 non
579 1317 621 1354 fit
638 1316 838 1355 verisimile
849 1331 861 1365 ;
879 1320 919 1354 at
934 1315 1024 1365 ipsis
1041 1318 1294 1354 commentum
1314 1314 1446 1363 placet.

210 1375 281 1412 Sed
299 1375 404 1423 Mysis
423 1375 469 1413 ab
489 1386 533 1413 ea
551 1375 756 1424 egreditur.
776 1378 823 1413 At
842 1385 911 1424 ego
929 1375 1016 1413 hinc
1034 1385 1094 1412 me
1113 1374 1162 1412 ad
1179 1372 1315 1419 forum,
1337 1377 1379 1411 ut

210 1434 429 1472 Conveniam
455 1434 711 1484 Pamphilum,
738 1445 785 1473 ne
811 1433 858 1473 de
886 1435 955 1473 hac
982 1443 1025 1472 re
1047 1437 1152 1483 pater
1174 1431 1458 1482 imprudentem.
1486 1430 1489 1433 '

257 1493 453 1542 opprimat.

696 1622 883 1663 SCENA
910 1622 961 1663 V.

746 1718 909 1752 MYSIS.

772 1838 894 1865 ursis.

211 1884 354 1930 Audivi,
376 1885 547 1930 Archssis,
566 1885 788 1935 jamdudum
808 1898 818 1924 :
836 1885 1006 1924 Lesbiam
1024 1885 1158 1924 adduci
1174 1885 1296 1934 Jubes.

212 1946 307 1983 Sane
325 1944 388 1993 pol
405 1945 470 1982 illa
489 1945 694 1983 temulenta
710 1949 767 1983 est
784 1946 920 1983 mulier
934 1949 972 1983 et
990 1944 1201 1992 temeraria,

212 2007 286 2042 Nec
307 2005 395 2042 satis
418 2004 543 2052 digna,
562 2005 621 2043 cui
637 2004 848 2043 committas
868 2004 989 2054 primo
1009 2009 1118 2054 partu
1138 2003 1335 2042 mulierem

213 2066 349 2101 Tamen
365 2074 448 2102 eam
464 2062 658 2102 adducam.
679 2064 999 2113 importunitatem
1018 2067 1181 2112 spectate
1197 2061 1366 2103 aniculae.

213 2122 305 2168 Quia
318 2122 523 2171 compotrix
539 2123 619 2171 ejus
637 2128 705 2162 est.
723 2124 780 2172 Di,
801 2123 886 2162 date
905 2123 1120 2161 facultatem
1139 2122 1297 2161 obsecro

250 2232 276 2259 1.
293 2231 329 2258 Ce
345 2235 466 2267 passage
480 2233 523 2257 est
536 2238 591 2258 une
601 2232 782 2266 preparation
795 2231 903 2259 adroite
914 2230 953 2259 du
961 2231 1143 2261 denoument.
1150 2231 1263 2259 Comme
1274 2233 1350 2259 Due
1358 2232 1403 2258 est
1413 2238 1452 2259 m

214 2272 324 2306 foui-be,
340 2280 376 2313 ou
394 2275 464 2309 peut
482 2271 584 2310 deuter
596 2281 652 2308 que
664 2281 697 2301 ee
714 2273 782 2310 qu’il
795 2273 837 2301 dit
849 2271 904 2301 soit
917 2273 999 2310 ’ταῖς
1014 2272 1036 2301 il
1052 2281 1088 2302 ne
1099 2272 1127 2300 le
1139 2272 1211 2301 croit
1222 2279 1275 2310 pas
1291 2270 1448 2301 lui-meme.
