1624 2632
308 216 377 252 252
814 216 1030 254 HECYRA.

308 299 386 340 Quo
406 296 523 344 magis
541 306 659 334 omnls
680 305 740 334 res
754 295 911 340 cautius,
929 306 974 332 ne
994 299 1132 332 temere
1151 293 1297 340 faciam,
1314 293 1465 332 adcuro.

310 357 397 392 Nam
415 354 445 391 si
467 353 556 392 facis
575 354 760 393 facturave
779 364 835 401 es,
855 354 970 391 bonas
987 352 1088 401 quod
1109 363 1175 400 par
1192 356 1248 390 est
1268 351 1388 389 facere
1406 365 1416 389 τ

311 413 481 451 inscitum
495 412 626 451 offerre
644 412 820 462 injuriam
839 411 908 449 tibi
924 410 1148 458 immerenti,
1169 410 1336 459 iniquum
1348 413 1417 447 est.

624 558 627 562 .
838 538 1002 565 moeurs.

309 591 371 626 Est
390 598 523 635 magna
541 591 684 625 ecastor
702 586 821 635 gratia
840 585 886 623 de
901 585 990 623 istac
1009 595 1050 623 re
1067 595 1179 633 quam
1197 584 1264 623 tibi
1283 586 1450 624 habeam.

309 650 399 684 Nam
419 645 483 695 qui
500 650 584 694 post
596 645 728 683 factam
746 644 922 691 injuriam
938 654 976 682 se
990 648 1179 693 expurget,
1197 655 1328 693 parum
1341 645 1392 682 mi
1409 648 1535 694 prosu.

309 706 379 743 Sed
397 704 488 753 quid
504 704 596 742 istuc
614 705 699 741 est?

852 771 1001 798 ments.

653 820 773 857 Meum
792 823 959 867 receptas
979 818 1095 856 lilium
1115 818 1162 856 ad
1182 822 1218 856 te
1239 818 1485 867 Pamphilum.

842 887 1006 915 nicenis.

1462 934 1539 972 Ah!

850 1004 1000 1031 nemas.

310 1059 393 1096 Sine
412 1056 546 1095 dicam.
563 1056 721 1093 Uxorem
745 1052 842 1091 hanc
863 1051 964 1101 prius
981 1061 1094 1100 quam
1112 1050 1229 1098 duxit,
1249 1054 1413 1089 vostrum
1439 1060 1542 1089 amo·

358 1127 435 1154 rem
455 1113 602 1164 pertuli.

311 1178 413 1213 Mane
426 1203 436 1220 ,
459 1172 624 1211 nondum
642 1170 755 1209 etiam
770 1169 845 1207 dixi
865 1168 903 1206 id
922 1167 1023 1217 quod
1040 1167 1153 1206 volui.
1180 1167 1244 1205 Hic
1269 1177 1367 1204 nunc
1389 1178 1541 1205 uxorem

357 1234 468 1271 habet
490 1245 500 1270 :

311 1295 439 1339 Quaere
452 1290 566 1329 alium
579 1288 646 1327 tibi
661 1287 877 1334 firmiorem,
892 1286 981 1324 dum
998 1285 1063 1324 tibi
1075 1291 1222 1334 tempus
1234 1284 1448 1322 consulendi
1462 1291 1538 1323 est:

310 1354 476 1399 Namque
496 1358 617 1398 neque
632 1346 696 1385 ille
715 1346 785 1384 hoc
803 1346 929 1383 animo
945 1345 1016 1382 erit
1031 1349 1194 1391 aetatem,
1211 1353 1331 1394 neque
1354 1343 1417 1392 pol
1431 1349 1469 1381 tu
1481 1355 1542 1382 ea-

354 1411 443 1449 dem
460 1410 550 1447 istae
567 1410 688 1447 aetate.

842 1473 1006 1501 mecms.

310 1529 398 1575 Quis
416 1528 454 1566 id
472 1526 550 1564 ait?

517 1620 519 1622 ,
852 1590 1003 1618 memes.

545 1643 688 1680 socrus.

840 1708 1005 1736 moeurs.

690 1761 794 1797 Mene
802 1760 822 1796 ⁶?

851 1827 1003 1854 menes.

554 1924 557 1927 f
805 1879 855 1914 Te
873 1876 991 1924 ipsam
1014 1888 1023 1912 :
1044 1878 1082 1912 et
1099 1874 1212 1912 filiam
1233 1874 1384 1912 abduxit
1405 1887 1506 1913 suam
1530 1889 1542 1914 ε

312 1949 543 1990 Puerumque
554 1939 602 1978 ob
611 1948 695 1976 eam
704 1946 784 1974 rem
795 1935 891 1974 clam
900 1933 1027 1977 voluit,
1037 1937 1145 1971 natus
1153 1933 1219 1982 qui
1231 1938 1301 1979 est,
1311 1934 1540 1983 extinguere.

842 2064 1008 2092 mcems.

311 2119 420 2159 Aliud
436 2118 466 2156 si
482 2117 628 2162 scirem,
647 2114 712 2163 qui
734 2113 882 2151 firmare
909 2122 1029 2150 meam
1049 2110 1149 2160 apud
1169 2121 1234 2148 vos
1249 2120 1398 2159 possem
1415 2109 1543 2157 fidem,

311 2178 477 2219 Sanctius
496 2187 606 2225 quam
625 2172 887 2223 Jusjurandum
901 2199 912 2216 ,
933 2171 970 2209 id
989 2170 1187 2219 pollicerer
1202 2169 1284 2216 tibi,
1306 2169 1437 2215 Lache,

312 2241 367 2278 Me
393 2240 624 2286 segregatum
651 2233 837 2280 habuisse,
854 2241 1005 2271 uxorem
1032 2235 1072 2268 ut
1095 2229 1212 2277 duxit,
1241 2240 1263 2267 a
1285 2240 1344 2267 me
1370 2228 1546 2278 Pamphi-

359 2298 449 2337 lum.
