1624 2632
294 274 368 311 332
587 277 828 314 flEAUToN
853 277 1245 316 TlMORUMENOS.

853 371 983 399 suus.

298 419 350 456 lte
367 417 465 456 intro
484 431 495 457 z
516 429 603 456 nam
623 429 685 458 vos
699 419 925 469 jamdudum
945 424 1130 470 exspectat
1146 430 1271 460 senex.

745 695 955 745 ACTUS
995 696 1087 745 111.

792 824 976 864 SCENA
1016 824 1048 863 Ι.

622 920 871 959 CHREMES,
899 920 1217 955 MENEDEMUS.

831 1020 1010 1048 caumes.

303 1067 460 1107 Luciscit
477 1067 551 1107 hoc
566 1067 660 1117 jam.
679 1070 791 1107 Cesso
809 1068 956 1118 pultare
972 1067 1109 1106 ostium

306 1127 435 1171 Vicini,
456 1128 616 1176 primum
634 1139 655 1166 e
674 1138 734 1166 me
753 1132 795 1165 ut
812 1127 904 1165 sciat
921 1126 991 1165 sibi
1014 1126 1131 1164 lilium

304 1187 486 1225 Rediisse.
509 1186 585 1224 Etsi
601 1186 875 1224 adulescentem
895 1186 964 1224 hoc
980 1185 1081 1224 nolle
1096 1183 1286 1233 intellego.

306 1248 457 1292 Verum,
476 1256 591 1294 quum
610 1245 756 1284 videam
777 1246 954 1283 miserum
971 1245 1070 1283 hunc
1084 1248 1160 1282 tam
1179 1242 1424 1282 excruciarier

306 1304 393 1353 Ejus
409 1304 523 1347 abitu,
542 1305 660 1342 celem
680 1309 755 1342 tam
774 1304 1002 1353 insperatum
1018 1303 1210 1352 gaudium,

304 1365 426 1408 Quum
442 1363 496 1400 illi
517 1363 645 1412 pericli
663 1363 756 1401 nihil
775 1375 819 1401 ex
838 1363 974 1401 indicio
994 1362 1092 1400 siet?

307 1422 411 1460 Haud
426 1422 558 1460 faciam
576 1435 585 1460 :
603 1433 688 1460 nam
710 1422 812 1471 quod
830 1426 962 1470 potero
979 1421 1155 1469 adjutabo
1170 1431 1312 1458 senem.

307 1483 400 1520 Item
419 1485 459 1519 ut
477 1481 594 1519 lilium
615 1492 741 1520 meum
757 1481 877 1519 amico
897 1485 1009 1529 atque
1024 1479 1157 1528 aequali
1177 1490 1243 1517 suo

308 1540 430 1578 Video·
440 1540 631 1585 inservire,
651 1545 689 1578 et
702 1540 843 1579 socium
865 1550 944 1577 esse
963 1540 1000 1576 in
1020 1538 1175 1587 negotiis
1186 1552 1198 1585 3

308 1601 381 1636 Nos
401 1609 550 1647 quoque
565 1609 671 1637 senes
688 1603 743 1637 est
758 1609 906 1647 aequum
921 1598 1069 1636 senibus
1084 1598 1252 1645 obsequl.

814 1667 1044 1695 messuimus.

309 1721 382 1755 Aut
399 1726 466 1765 ego
483 1716 650 1765 profecto
669 1715 818 1763 ingenio
835 1715 985 1764 egregio
1001 1714 1048 1752 ad
1064 1714 1231 1752 miserias

311 1778 425 1813 Natus
444 1786 540 1821 sum,
557 1780 621 1812 aut
638 1774 731 1812 illud
749 1774 933 1821 falsumst.‚
949 1773 1050 1822 quod
1070 1773 1175 1821 volgo
1191 1771 1302 1809 audio

312 1834 402 1878 Dici,
425 1834 524 1872 diem
540 1834 704 1872 adimere
720 1832 975 1881 aegritudinem
995 1831 1210 1870 hominibus
1227 1845 1237 1869 :

311 1896 403 1931 Nam
419 1893 511 1931 mihi
527 1893 677 1942 quidem
693 1891 860 1941 quotidie
875 1891 1038 1939 augescit
1054 1890 1170 1938 magis

312 1955 364 1990 De
384 1952 460 1990 filio
479 1951 657 2000 aegritudo
669 1964 680 1998 3
698 1955 736 1989 et
754 1955 894 1999 quanto
914 1948 1052 1987 diutius

312 2012 440 2058 Abest,
457 2011 574 2059 magis
590 2009 700 2059 cupio
715 2014 833 2056 tanto,
850 2014 888 2046 et
902 2007 1018 2056 magis
1033 2006 1216 2045 desidero.

844 2078 1022 2106 CHREMES.

315 2129 387 2167 Sed
404 2129 526 2178 ipsum
540 2129 639 2166 foras
652 2138 840 2176 egressum
859 2126 964 2164 video
976 2139 986 2173 ;
1006 2125 1082 2167 ibo,
1102 2124 1295 2173 adloquar.

315 2189 544 2235 Menedeme,
563 2188 661 2224 salve
681 2200 690 2224 :
708 2187 878 2224 nuntium
899 2185 1056 2234 adporto
1073 2183 1155 2231 tibi,

315 2237 430 2294 Cujus
446 2256 616 2285 maxume
637 2250 672 2283 te
693 2245 772 2282 lleri
791 2243 1010 2294 participem
1030 2252 1147 2290 cupis.

292 2404 294 2407 ,
355 2377 382 2404 1.
402 2379 438 2404 Le
456 2382 562 2411 suuper
583 2374 652 2402 che:
672 2373 805 2401 Chre-mes
817 2375 846 2398 et
856 2371 886 2397 la
898 2372 959 2398 nuit
969 2371 1017 2398 eui
1030 2371 1068 2398 l'a
1079 2369 1152 2397 snivi
1163 2372 1228 2397 sont
1245 2365 1380 2405 suppos&
1392 2374 1422 2396 se
1450 2370 1554 2402 pun-¹
