<?xml version="1.0" encoding="UTF-8"?>
<!DOCTYPE html PUBLIC "-//W3C//DTD XHTML 1.0 Transitional//EN"
    "http://www.w3.org/TR/xhtml1/DTD/xhtml1-transitional.dtd">
<html xmlns="http://www.w3.org/1999/xhtml" xml:lang="en" lang="en">
 <head>
  <title>
</title>
<meta http-equiv="Content-Type" content="text/html;charset=utf-8" />
  <meta name='ocr-system' content='tesseract 3.04.00' />
  <meta name='ocr-capabilities' content='ocr_page ocr_carea ocr_par ocr_line ocrx_word'/>
</head>
<body>
  <div class='ocr_page' id='page_1' title='image "./comdiesdetre01tereuoft_0172.png"; bbox 0 0 1586 2658; ppageno 0'>
   <div class='ocr_carea' id='block_1_1' title="bbox 249 214 1007 253">
    <p class='ocr_par' dir='ltr' id='par_1_1' title="bbox 249 214 1007 253">
     <span class='ocr_line' id='line_1_1' title="bbox 249 214 1007 253; baseline 0.003 -2"><span class='ocrx_word' id='word_1_1' title='bbox 249 214 321 251; x_wconf 75' lang='lat'><strong>110</strong></span> <span class='ocrx_word' id='word_1_2' title='bbox 762 215 971 253; x_wconf 75' lang='lat' dir='ltr'><strong>ANnatA.</strong></span> <span class='ocrx_word' id='word_1_3' title='bbox 1004 219 1007 222; x_wconf 82' lang='grc'><strong>“</strong></span> 
     </span>
    </p>
   </div>
   <div class='ocr_carea' id='block_1_2' title="bbox 241 307 1321 1221">
    <p class='ocr_par' dir='ltr' id='par_1_2' title="bbox 241 307 1321 1221">
     <span class='ocr_line' id='line_1_2' title="bbox 805 307 926 335; baseline 0 0"><span class='ocrx_word' id='word_1_4' title='bbox 805 307 926 335; x_wconf 68' lang='lat' dir='ltr'><strong>ursis.</strong></span> 
     </span>
     <span class='ocr_line' id='line_1_3' title="bbox 246 352 698 398; baseline 0.004 -8"><span class='ocrx_word' id='word_1_5' title='bbox 246 352 430 397; x_wconf 83' lang='lat' dir='ltr'>Quidnam</span> <span class='ocrx_word' id='word_1_6' title='bbox 446 352 698 398; x_wconf 75' lang='lat' dir='ltr'><strong>incepturu’s‘t</strong></span> 
     </span>
     <span class='ocr_line' id='line_1_4' title="bbox 796 424 931 452; baseline 0.008 -1"><span class='ocrx_word' id='word_1_7' title='bbox 796 424 931 452; x_wconf 70' lang='lat' dir='ltr'><strong>nnus.</strong></span> 
     </span>
     <span class='ocr_line' id='line_1_5' title="bbox 709 471 1210 520; baseline 0.008 -12"><span class='ocrx_word' id='word_1_8' title='bbox 709 471 842 520; x_wconf 79' lang='lat' dir='ltr'><strong>Accipe</strong></span> <span class='ocrx_word' id='word_1_9' title='bbox 857 482 879 508; x_wconf 87' lang='lat' dir='ltr'>a</span> <span class='ocrx_word' id='word_1_10' title='bbox 892 482 953 510; x_wconf 90' lang='lat' dir='ltr'><strong>me</strong></span> <span class='ocrx_word' id='word_1_11' title='bbox 971 471 1071 511; x_wconf 89' lang='lat' dir='ltr'><strong>hunc</strong></span> <span class='ocrx_word' id='word_1_12' title='bbox 1085 471 1210 520; x_wconf 78' lang='lat' dir='ltr'><strong>ocius,</strong></span> 
     </span>
     <span class='ocr_line' id='line_1_6' title="bbox 246 529 994 580; baseline 0.003 -13"><span class='ocrx_word' id='word_1_13' title='bbox 246 532 366 578; x_wconf 78' lang='lat' dir='ltr'><strong>Atque</strong></span> <span class='ocrx_word' id='word_1_14' title='bbox 382 531 468 568; x_wconf 86' lang='lat' dir='ltr'><strong>ante</strong></span> <span class='ocrx_word' id='word_1_15' title='bbox 482 529 674 568; x_wconf 84' lang='lat' dir='ltr'><strong>nostram</strong></span> <span class='ocrx_word' id='word_1_16' title='bbox 658 539 815 578; x_wconf 82' lang='lat' dir='ltr'><strong>Januam</strong></span> <span class='ocrx_word' id='word_1_17' title='bbox 835 529 994 580; x_wconf 86' lang='lat' dir='ltr'>adpone.</span> 
     </span>
     <span class='ocr_line' id='line_1_7' title="bbox 801 598 921 627; baseline 0.019 -1"><span class='ocrx_word' id='word_1_18' title='bbox 801 598 921 627; x_wconf 75' lang='lat' dir='ltr'><strong>ursis.</strong></span> 
     </span>
     <span class='ocr_line' id='line_1_8' title="bbox 1004 647 1181 694; baseline 0.011 -8"><span class='ocrx_word' id='word_1_19' title='bbox 1004 647 1181 694; x_wconf 78' lang='lat' dir='ltr'><strong>Obsecro,</strong></span> 
     </span>
     <span class='ocr_line' id='line_1_9' title="bbox 244 703 424 743; baseline 0.011 -2"><span class='ocrx_word' id='word_1_20' title='bbox 244 703 424 743; x_wconf 77' lang='lat' dir='ltr'><strong>Homine?</strong></span> 
     </span>
     <span class='ocr_line' id='line_1_10' title="bbox 796 773 929 801; baseline -0.008 -1"><span class='ocrx_word' id='word_1_21' title='bbox 796 773 929 801; x_wconf 73' lang='lat' dir='ltr'><strong>nnus.</strong></span> 
     </span>
     <span class='ocr_line' id='line_1_11' title="bbox 431 819 1090 870; baseline 0.003 -12"><span class='ocrx_word' id='word_1_22' title='bbox 431 823 481 858; x_wconf 84' lang='lat' dir='ltr'><strong>Ex</strong></span> <span class='ocrx_word' id='word_1_23' title='bbox 501 831 566 858; x_wconf 81' lang='lat' dir='ltr'><strong>ara</strong></span> <span class='ocrx_word' id='word_1_24' title='bbox 579 819 669 859; x_wconf 84' lang='lat' dir='ltr'><strong>hine</strong></span> <span class='ocrx_word' id='word_1_25' title='bbox 682 831 790 859; x_wconf 82' lang='lat' dir='ltr'><strong>sume</strong></span> <span class='ocrx_word' id='word_1_26' title='bbox 811 821 991 860; x_wconf 82' lang='lat' dir='ltr'><strong>verbenas</strong></span> <span class='ocrx_word' id='word_1_27' title='bbox 1008 820 1090 870; x_wconf 89' lang='lat' dir='ltr'><strong>tibi,</strong></span> 
     </span>
     <span class='ocr_line' id='line_1_12' title="bbox 242 878 671 926; baseline 0.009 -12"><span class='ocrx_word' id='word_1_28' title='bbox 242 879 362 926; x_wconf 82' lang='lat' dir='ltr'><strong>Atque</strong></span> <span class='ocrx_word' id='word_1_29' title='bbox 382 887 446 916; x_wconf 86' lang='lat' dir='ltr'><strong>eas</strong></span> <span class='ocrx_word' id='word_1_30' title='bbox 462 878 671 918; x_wconf 78' lang='lat' dir='ltr'><strong>substerne.</strong></span> 
     </span>
     <span class='ocr_line' id='line_1_13' title="bbox 797 949 920 976; baseline -0.008 -1"><span class='ocrx_word' id='word_1_31' title='bbox 797 949 920 976; x_wconf 73' lang='lat' dir='ltr'><strong>ursis.</strong></span> 
     </span>
     <span class='ocr_line' id='line_1_14' title="bbox 692 996 1321 1041; baseline 0.008 -8"><span class='ocrx_word' id='word_1_32' title='bbox 692 996 942 1041; x_wconf 87' lang='lat' dir='ltr'><strong>Quamobrem</strong></span> <span class='ocrx_word' id='word_1_33' title='bbox 957 996 995 1034; x_wconf 92' lang='lat' dir='ltr'><strong>id</strong></span> <span class='ocrx_word' id='word_1_34' title='bbox 1012 1000 1091 1035; x_wconf 90' lang='lat' dir='ltr'><strong>tute</strong></span> <span class='ocrx_word' id='word_1_35' title='bbox 1111 1008 1185 1036; x_wconf 88' lang='lat' dir='ltr'><strong>non</strong></span> <span class='ocrx_word' id='word_1_36' title='bbox 1206 996 1321 1038; x_wconf 71' lang='lat' dir='ltr'><strong>facis?</strong></span> 
     </span>
     <span class='ocr_line' id='line_1_15' title="bbox 793 1066 927 1094; baseline 0 -1"><span class='ocrx_word' id='word_1_37' title='bbox 793 1066 927 1094; x_wconf 69' lang='lat' dir='ltr'><strong>nnus.</strong></span> 
     </span>
     <span class='ocr_line' id='line_1_16' title="bbox 241 1110 1230 1164; baseline 0.007 -16"><span class='ocrx_word' id='word_1_38' title='bbox 241 1111 334 1156; x_wconf 83' lang='lat' dir='ltr'><strong>Quia</strong></span> <span class='ocrx_word' id='word_1_39' title='bbox 353 1110 384 1149; x_wconf 88' lang='lat' dir='ltr'><strong>si</strong></span> <span class='ocrx_word' id='word_1_40' title='bbox 403 1110 499 1150; x_wconf 83' lang='lat' dir='ltr'><strong>forte</strong></span> <span class='ocrx_word' id='word_1_41' title='bbox 516 1122 610 1161; x_wconf 87' lang='lat' dir='ltr'><strong>opus</strong></span> <span class='ocrx_word' id='word_1_42' title='bbox 624 1111 672 1150; x_wconf 90' lang='lat' dir='ltr'><strong>sit</strong></span> <span class='ocrx_word' id='word_1_43' title='bbox 685 1112 729 1150; x_wconf 85' lang='lat' dir='ltr'><strong>ad</strong></span> <span class='ocrx_word' id='word_1_44' title='bbox 751 1112 883 1151; x_wconf 88' lang='lat' dir='ltr'><strong>herum</strong></span> <span class='ocrx_word' id='word_1_45' title='bbox 895 1113 1101 1161; x_wconf 87' lang='lat' dir='ltr'><strong>jurandum</strong></span> <span class='ocrx_word' id='word_1_46' title='bbox 1116 1115 1230 1164; x_wconf 84' lang='lat' dir='ltr'><strong>mihi,</strong></span> 
     </span>
     <span class='ocr_line' id='line_1_17' title="bbox 241 1169 962 1221; baseline 0.006 -15"><span class='ocrx_word' id='word_1_47' title='bbox 241 1171 320 1207; x_wconf 92' lang='lat' dir='ltr'><strong>Non</strong></span> <span class='ocrx_word' id='word_1_48' title='bbox 342 1169 579 1218; x_wconf 84' lang='lat' dir='ltr'><strong>adposuisse,</strong></span> <span class='ocrx_word' id='word_1_49' title='bbox 597 1174 640 1209; x_wconf 87' lang='lat' dir='ltr'><strong>ut</strong></span> <span class='ocrx_word' id='word_1_50' title='bbox 651 1170 794 1221; x_wconf 88' lang='lat' dir='ltr'><strong>liquido</strong></span> <span class='ocrx_word' id='word_1_51' title='bbox 809 1172 962 1220; x_wconf 85' lang='lat' dir='ltr'><strong>possim.</strong></span> 
     </span>
    </p>
   </div>
   <div class='ocr_carea' id='block_1_3' title="bbox 236 1301 1249 2162">
    <p class='ocr_par' dir='ltr' id='par_1_3' title="bbox 236 1301 1249 2162">
     <span class='ocr_line' id='line_1_18' title="bbox 800 1301 921 1328; baseline 0.008 -1"><span class='ocrx_word' id='word_1_52' title='bbox 800 1301 921 1328; x_wconf 68' lang='lat' dir='ltr'><strong>ursm-</strong></span> 
     </span>
     <span class='ocr_line' id='line_1_19' title="bbox 966 1349 1176 1399; baseline 0.014 -13"><span class='ocrx_word' id='word_1_53' title='bbox 966 1349 1144 1399; x_wconf 85' lang='lat' dir='ltr'><strong>Intellego</strong></span> <span class='ocrx_word' id='word_1_54' title='bbox 1163 1362 1176 1389; x_wconf 76' lang='lat' dir='ltr'><strong><em>z</em></strong></span> 
     </span>
     <span class='ocr_line' id='line_1_20' title="bbox 237 1404 1135 1455; baseline 0.004 -13"><span class='ocrx_word' id='word_1_55' title='bbox 237 1406 338 1443; x_wconf 80' lang='lat' dir='ltr'><strong>Nova</strong></span> <span class='ocrx_word' id='word_1_56' title='bbox 356 1415 455 1444; x_wconf 85' lang='lat' dir='ltr'><strong>nune</strong></span> <span class='ocrx_word' id='word_1_57' title='bbox 465 1405 597 1455; x_wconf 83' lang='lat' dir='ltr'><strong>rehgio</strong></span> <span class='ocrx_word' id='word_1_58' title='bbox 609 1404 647 1444; x_wconf 91' lang='lat' dir='ltr'><strong>in</strong></span> <span class='ocrx_word' id='word_1_59' title='bbox 662 1409 699 1444; x_wconf 86' lang='lat' dir='ltr'><strong>te</strong></span> <span class='ocrx_word' id='word_1_60' title='bbox 714 1405 814 1445; x_wconf 83' lang='lat' dir='ltr'><strong>istaee</strong></span> <span class='ocrx_word' id='word_1_61' title='bbox 833 1407 1008 1446; x_wconf 81' lang='lat' dir='ltr'><strong>incessit?</strong></span> <span class='ocrx_word' id='word_1_62' title='bbox 1022 1409 1135 1447; x_wconf 85' lang='lat' dir='ltr'><strong>Cedo.</strong></span> 
     </span>
     <span class='ocr_line' id='line_1_21' title="bbox 791 1477 924 1504; baseline 0.008 -1"><span class='ocrx_word' id='word_1_63' title='bbox 791 1477 924 1504; x_wconf 76' lang='lat' dir='ltr'><strong>mvus.</strong></span> 
     </span>
     <span class='ocr_line' id='line_1_22' title="bbox 237 1521 1236 1575; baseline 0.006 -15"><span class='ocrx_word' id='word_1_64' title='bbox 237 1524 340 1560; x_wconf 88' lang='lat' dir='ltr'><strong>Move</strong></span> <span class='ocrx_word' id='word_1_65' title='bbox 355 1521 459 1561; x_wconf 73' lang='lat' dir='ltr'><strong>ocius</strong></span> <span class='ocrx_word' id='word_1_66' title='bbox 477 1526 537 1568; x_wconf 92' lang='lat' dir='ltr'><strong>te</strong></span> <span class='ocrx_word' id='word_1_67' title='bbox 558 1526 624 1569; x_wconf 90' lang='lat' dir='ltr'><strong>ut,</strong></span> <span class='ocrx_word' id='word_1_68' title='bbox 638 1522 730 1573; x_wconf 91' lang='lat' dir='ltr'><strong>quid</strong></span> <span class='ocrx_word' id='word_1_69' title='bbox 748 1534 856 1571; x_wconf 82' lang='lat' dir='ltr'><strong>agam</strong></span> <span class='ocrx_word' id='word_1_70' title='bbox 873 1535 1010 1573; x_wconf 87' lang='lat' dir='ltr'><strong>porro,</strong></span> <span class='ocrx_word' id='word_1_71' title='bbox 1028 1525 1236 1575; x_wconf 80' lang='lat' dir='ltr'><strong>intellegas.</strong></span> 
     </span>
     <span class='ocr_line' id='line_1_23' title="bbox 237 1579 488 1630; baseline 0.008 -12"><span class='ocrx_word' id='word_1_72' title='bbox 237 1582 308 1619; x_wconf 88' lang='lat' dir='ltr'><strong>Pro</strong></span> <span class='ocrx_word' id='word_1_73' title='bbox 324 1579 488 1630; x_wconf 80' lang='lat' dir='ltr'><strong>Jupiter!</strong></span> 
     </span>
     <span class='ocr_line' id='line_1_24' title="bbox 797 1653 916 1691; baseline 0.017 -12"><span class='ocrx_word' id='word_1_74' title='bbox 797 1653 916 1691; x_wconf 70' lang='lat' dir='ltr'><strong>ursm.</strong></span> 
     </span>
     <span class='ocr_line' id='line_1_25' title="bbox 523 1698 723 1747; baseline 0 -9"><span class='ocrx_word' id='word_1_75' title='bbox 523 1698 619 1747; x_wconf 81' lang='lat' dir='ltr'><strong>Quid</strong></span> <span class='ocrx_word' id='word_1_76' title='bbox 636 1701 723 1739; x_wconf 78' lang='lat' dir='ltr'><strong>est?</strong></span> 
     </span>
     <span class='ocr_line' id='line_1_26' title="bbox 787 1771 920 1798; baseline 0.023 -2"><span class='ocrx_word' id='word_1_77' title='bbox 787 1771 920 1798; x_wconf 74' lang='lat' dir='ltr'><strong>nnus.</strong></span> 
     </span>
     <span class='ocr_line' id='line_1_27' title="bbox 737 1819 1234 1868; baseline 0.01 -13"><span class='ocrx_word' id='word_1_78' title='bbox 737 1819 886 1867; x_wconf 84' lang='lat' dir='ltr'><strong>Sponsae</strong></span> <span class='ocrx_word' id='word_1_79' title='bbox 901 1824 1008 1868; x_wconf 85' lang='lat' dir='ltr'><strong>pater</strong></span> <span class='ocrx_word' id='word_1_80' title='bbox 1024 1819 1234 1860; x_wconf 78' lang='lat' dir='ltr'><strong>intervemt.</strong></span> 
     </span>
     <span class='ocr_line' id='line_1_28' title="bbox 237 1876 1195 1926; baseline 0.004 -11"><span class='ocrx_word' id='word_1_81' title='bbox 237 1876 405 1926; x_wconf 85' lang='lat' dir='ltr'><strong>Repudio</strong></span> <span class='ocrx_word' id='word_1_82' title='bbox 417 1906 429 1925; x_wconf 89' lang='lat'><strong><em>,</em></strong></span> <span class='ocrx_word' id='word_1_83' title='bbox 445 1876 546 1926; x_wconf 90' lang='lat' dir='ltr'><strong>quod</strong></span> <span class='ocrx_word' id='word_1_84' title='bbox 557 1876 754 1915; x_wconf 83' lang='lat' dir='ltr'><strong>consilium</strong></span> <span class='ocrx_word' id='word_1_85' title='bbox 774 1877 938 1926; x_wconf 89' lang='lat' dir='ltr'><strong>primum</strong></span> <span class='ocrx_word' id='word_1_86' title='bbox 951 1878 1195 1919; x_wconf 84' lang='lat' dir='ltr'><strong>intenderam.</strong></span> 
     </span>
     <span class='ocr_line' id='line_1_29' title="bbox 791 1947 915 1974; baseline 0 0"><span class='ocrx_word' id='word_1_87' title='bbox 791 1947 915 1974; x_wconf 74' lang='lat' dir='ltr'><strong>ursis.</strong></span> 
     </span>
     <span class='ocr_line' id='line_1_30' title="bbox 236 1993 634 2043; baseline 0.003 -11"><span class='ocrx_word' id='word_1_88' title='bbox 236 1994 364 2032; x_wconf 84' lang='lat' dir='ltr'><strong>Nescio</strong></span> <span class='ocrx_word' id='word_1_89' title='bbox 381 1993 471 2043; x_wconf 89' lang='lat' dir='ltr'><strong>quid</strong></span> <span class='ocrx_word' id='word_1_90' title='bbox 491 2004 634 2033; x_wconf 87' lang='lat' dir='ltr'><strong>narres.</strong></span> 
     </span>
     <span class='ocr_line' id='line_1_31' title="bbox 786 2066 920 2108; baseline 0 -15"><span class='ocrx_word' id='word_1_91' title='bbox 786 2066 920 2108; x_wconf 59' lang='lat' dir='ltr'><strong>nnus.</strong></span> 
     </span>
     <span class='ocr_line' id='line_1_32' title="bbox 672 2113 1249 2162; baseline 0.007 -12"><span class='ocrx_word' id='word_1_92' title='bbox 672 2114 748 2161; x_wconf 80' lang='lat' dir='ltr'><strong>Ego</strong></span> <span class='ocrx_word' id='word_1_93' title='bbox 761 2123 912 2162; x_wconf 85' lang='lat' dir='ltr'><strong>quoque</strong></span> <span class='ocrx_word' id='word_1_94' title='bbox 930 2113 1019 2153; x_wconf 84' lang='lat' dir='ltr'><strong>hine</strong></span> <span class='ocrx_word' id='word_1_95' title='bbox 1030 2115 1078 2153; x_wconf 85' lang='lat' dir='ltr'><strong>ab</strong></span> <span class='ocrx_word' id='word_1_96' title='bbox 1096 2115 1249 2154; x_wconf 81' lang='lat' dir='ltr'><strong>dextera</strong></span> 
     </span>
    </p>
   </div>
   <div class='ocr_carea' id='block_1_4' title="bbox 244 2262 1514 2352">
    <p class='ocr_par' dir='ltr' id='par_1_4' title="bbox 244 2262 1514 2352">
     <span class='ocr_line' id='line_1_33' title="bbox 273 2262 1471 2305; baseline 0.008 -15"><span class='ocrx_word' id='word_1_97' title='bbox 273 2267 297 2292; x_wconf 86' lang='lat'><strong>1.</strong></span> <span class='ocrx_word' id='word_1_98' title='bbox 312 2263 336 2293; x_wconf 86' lang='lat' dir='ltr'><strong>u</strong></span> <span class='ocrx_word' id='word_1_99' title='bbox 348 2273 367 2300; x_wconf 73' lang='lat' dir='ltr'>y</span> <span class='ocrx_word' id='word_1_100' title='bbox 375 2262 454 2292; x_wconf 73' lang='lat' dir='ltr'><strong>avait</strong></span> <span class='ocrx_word' id='word_1_101' title='bbox 462 2271 502 2291; x_wconf 85' lang='lat' dir='ltr'><strong>un</strong></span> <span class='ocrx_word' id='word_1_102' title='bbox 513 2263 590 2291; x_wconf 80' lang='lat' dir='ltr'><strong>autel</strong></span> <span class='ocrx_word' id='word_1_103' title='bbox 600 2263 705 2293; x_wconf 76' lang='lat' dir='ltr'><strong>devant</strong></span> <span class='ocrx_word' id='word_1_104' title='bbox 716 2264 744 2291; x_wconf 78' lang='lat' dir='ltr'><strong>la</strong></span> <span class='ocrx_word' id='word_1_105' title='bbox 756 2265 840 2301; x_wconf 63' lang='lat' dir='ltr'><strong>por-‘e</strong></span> <span class='ocrx_word' id='word_1_106' title='bbox 852 2265 888 2294; x_wconf 85' lang='lat' dir='ltr'><strong>de</strong></span> <span class='ocrx_word' id='word_1_107' title='bbox 898 2268 995 2295; x_wconf 68' lang='lat' dir='ltr'><strong>toute:</strong></span> <span class='ocrx_word' id='word_1_108' title='bbox 1006 2265 1049 2294; x_wconf 80' lang='lat' dir='ltr'><strong>les</strong></span> <span class='ocrx_word' id='word_1_109' title='bbox 1060 2265 1186 2296; x_wconf 78' lang='lat' dir='ltr'><strong>maisons</strong></span> <span class='ocrx_word' id='word_1_110' title='bbox 1199 2275 1346 2305; x_wconf 81' lang='lat' dir='ltr'><strong>grecques</strong></span> <span class='ocrx_word' id='word_1_111' title='bbox 1353 2271 1471 2301; x_wconf 70' lang='grc' dir='ltr'><strong>-Ποι-</strong></span> 
     </span>
     <span class='ocr_line' id='line_1_34' title="bbox 244 2303 1514 2352; baseline 0.009 -22"><span class='ocrx_word' id='word_1_112' title='bbox 244 2303 270 2330; x_wconf 87' lang='lat' dir='ltr'><strong>n&#39;</strong></span> <span class='ocrx_word' id='word_1_113' title='bbox 272 2313 362 2332; x_wconf 78' lang='lat' dir='ltr'><strong>avons</strong></span> <span class='ocrx_word' id='word_1_114' title='bbox 371 2313 409 2339; x_wconf 82' lang='lat' dir='ltr'><strong>pa</strong></span> <span class='ocrx_word' id='word_1_115' title='bbox 434 2304 534 2334; x_wconf 80' lang='lat' dir='ltr'><strong>hesoin</strong></span> <span class='ocrx_word' id='word_1_116' title='bbox 549 2305 584 2333; x_wconf 86' lang='lat' dir='ltr'><strong>de</strong></span> <span class='ocrx_word' id='word_1_117' title='bbox 596 2305 668 2334; x_wconf 76' lang='lat' dir='ltr'><strong>faire</strong></span> <span class='ocrx_word' id='word_1_118' title='bbox 680 2304 816 2335; x_wconf 75' lang='lat' dir='ltr'><strong>ressortir</strong></span> <span class='ocrx_word' id='word_1_119' title='bbox 829 2309 891 2337; x_wconf 75' lang='lat' dir='ltr'><strong>tout</strong></span> <span class='ocrx_word' id='word_1_120' title='bbox 904 2315 938 2336; x_wconf 78' lang='lat' dir='ltr'><strong>ee</strong></span> <span class='ocrx_word' id='word_1_121' title='bbox 949 2306 1017 2344; x_wconf 81' lang='lat' dir='ltr'><strong>qu’il</strong></span> <span class='ocrx_word' id='word_1_122' title='bbox 1033 2315 1051 2344; x_wconf 57' lang='grc' dir='ltr'><strong>γ</strong></span> <span class='ocrx_word' id='word_1_123' title='bbox 1063 2315 1081 2336; x_wconf 71' lang='lat' dir='ltr'><strong>a</strong></span> <span class='ocrx_word' id='word_1_124' title='bbox 1091 2308 1128 2336; x_wconf 84' lang='lat' dir='ltr'><strong>de</strong></span> <span class='ocrx_word' id='word_1_125' title='bbox 1143 2314 1322 2338; x_wconf 76' lang='lat' dir='ltr'><strong>mouvement</strong></span> <span class='ocrx_word' id='word_1_126' title='bbox 1337 2315 1365 2339; x_wconf 74' lang='lat' dir='ltr'><strong>et</strong></span> <span class='ocrx_word' id='word_1_127' title='bbox 1381 2310 1416 2341; x_wconf 78' lang='lat' dir='ltr'><strong>de</strong></span> <span class='ocrx_word' id='word_1_128' title='bbox 1427 2312 1471 2341; x_wconf 80' lang='lat' dir='ltr'><strong>vi·</strong></span> <span class='ocrx_word' id='word_1_129' title='bbox 1510 2349 1514 2352; x_wconf 17' lang='grc' dir='ltr'><strong><em>γ</em></strong></span> 
     </span>
    </p>
   </div>
   <div class='ocr_carea' id='block_1_5' title="bbox 1553 0 1586 2658">
    <p class='ocr_par' dir='ltr' id='par_1_5' title="bbox 1553 0 1586 2658">
     <span class='ocr_line' id='line_1_35' title="bbox 1553 0 1586 2658; baseline 0 0"><span class='ocrx_word' id='word_1_130' title='bbox 1553 0 1586 2658; x_wconf 95' lang='lat' dir='ltr'><strong> </strong></span> 
     </span>
    </p>
   </div>
  </div>
 </body>
</html>
