1624 2632
238 211 310 251 362
523 216 765 256 HEAUTON
794 219 1184 260 TIMORUMENOS.

765 311 945 341 cunnus.

1263 362 1357 406 Quid
1376 362 1473 411 siet?

237 412 299 450 Nae
320 411 387 450 ista
407 411 532 452 hercle
551 425 685 464 magno
697 415 779 464 jam
796 423 930 457 conatu
950 429 1103 468 magnas
1118 430 1236 468 nugas
1253 420 1398 459 dixerit.

335 504 341 507 .
756 487 953 516 sosrmn.

238 527 352 566 Ehem
370 530 420 567 mi
441 529 508 569 vir.

691 605 698 612 ·
765 603 946 632 cnuns-

476 648 590 688 Ehem
607 661 691 690 mea
705 662 809 690 uxor.

755 722 952 750 susus-u.

782 774 833 810 Te
850 771 971 821 ipsum
990 781 1116 822 quaero

763 841 944 869 οιιιιιειεε.

1087 893 1252 939 Loquere
1262 889 1351 940 quid
1363 892 1467 930 velis.

756 958 954 986 sosnuu.

238 1003 402 1042 Primum
419 1003 491 1044 hoc
513 1009 550 1044 te
575 1016 658 1054 oro,
685 1016 732 1044 ne
751 1006 841 1055 quid
859 1006 989 1045 credas
1009 1017 1069 1046 me
1088 1006 1285 1046 adversum
1310 1007 1470 1046 edietum

285 1066 390 1101 tuum

237 1122 372 1160 Facere
389 1132 471 1160 esse
487 1133 629 1161 ausam.

762 1193 942 1221 caumas.

542 1239 610 1279 Vin
623 1250 682 1279 me
700 1240 796 1280 istuc
811 1241 896 1289 tihi,
916 1241 987 1280 etsi
1000 1241 1269 1290 incredibilest,
1286 1242 1471 1282 credere?

235 1299 368 1336 Credo.

786 1370 915 1398 suuis.

388 1417 516 1456 Nescio
535 1416 625 1467 quid
644 1417 785 1467 peceati
805 1422 929 1467 portat
945 1418 1023 1456 haec
1042 1419 1225 1468 purgatio.

753 1487 954 1516 sesa-mu.

238 1533 460 1572 Meministin
487 1544 548 1573 me
574 1544 654 1573 esse
682 1534 894 1583 gravidam,
915 1539 954 1573 et
979 1535 1060 1573 mih
1087 1539 1125 1574 te
1155 1546 1329 1576 maxumo
1356 1546 1470 1586 opere

283 1593 444 1641 edicere,

235 1652 273 1690 Si
291 1651 455 1701 puellam
473 1661 659 1702 parerem,
677 1651 778 1691 nolle
796 1651 906 1690 tolli?

761 1721 944 1750 cunnus.

921 1768 1005 1809 Scio
1024 1769 1116 1820 quid
1135 1769 1279 1809 feceris.

236 1829 434 1869 sustulisti.

789 1899 919 1928 snus.

389 1948 427 1987 Si
439 1948 492 1987 sie
508 1949 660 1997 factum,
679 1946 844 1994 domina,
863 1957 951 1996 ergo
967 1946 1080 1985 herus
1097 1946 1235 1985 damno
1253 1951 1382 1985 auctus
1399 1953 1469 1988 est.

238 2121 385 2160 Minime
404 2135 414 2160 ε
431 2121 497 2160 sed
515 2126 596 2160 erat
615 2121 676 2160 hie
688 2075 990 2160 corssgffiffisshs
1007 2119 1108 2158 haud
1126 2120 1258 2169 inpura
1277 2133 1288 2159 ι
1306 2120 1341 2159 ei
1359 2120 1446 2159 dedi

238 2181 513 2231 Exponendam.

277 2310 304 2339 ί.
324 2310 425 2338 C'e'tait
438 2318 475 2338 uu
487 2317 574 2348 usage
587 2310 710 2338 barbare
722 2311 790 2338 chez
803 2311 844 2338 les
853 2307 968 2338 anetem
979 2307 1138 2345 d’exposer.
1148 2311 1178 2335 et
1189 2311 1279 2336 meme
1290 2307 1327 2334 de
1340 2311 1413 2343 tuer,
1427 2307 1472 2336 hs
