<?xml version="1.0" encoding="UTF-8"?>
<!DOCTYPE html PUBLIC "-//W3C//DTD XHTML 1.0 Transitional//EN"
    "http://www.w3.org/TR/xhtml1/DTD/xhtml1-transitional.dtd">
<html xmlns="http://www.w3.org/1999/xhtml" xml:lang="en" lang="en">
 <head>
  <title>
</title>
<meta http-equiv="Content-Type" content="text/html;charset=utf-8" />
  <meta name='ocr-system' content='tesseract 3.04.00' />
  <meta name='ocr-capabilities' content='ocr_page ocr_carea ocr_par ocr_line ocrx_word'/>
</head>
<body>
  <div class='ocr_page' id='page_1' title='image "./comdiesdetre01tereuoft_0492.png"; bbox 0 0 1624 2632; ppageno 0'>
   <div class='ocr_carea' id='block_1_1' title="bbox 343 243 1287 284">
    <p class='ocr_par' dir='ltr' id='par_1_1' title="bbox 343 243 1287 284">
     <span class='ocr_line' id='line_1_1' title="bbox 343 243 1287 284; baseline 0.003 -5"><span class='ocrx_word' id='word_1_1' title='bbox 343 243 413 281; x_wconf 73' lang='lat'><strong>430</strong></span> <span class='ocrx_word' id='word_1_2' title='bbox 627 247 868 284; x_wconf 78' lang='lat' dir='ltr'><strong>HEAUTON</strong></span> <span class='ocrx_word' id='word_1_3' title='bbox 898 246 1287 284; x_wconf 80' lang='lat' dir='ltr'><strong>TIMORUMENOS.</strong></span> 
     </span>
    </p>
   </div>
   <div class='ocr_carea' id='block_1_2' title="bbox 339 322 1519 492">
    <p class='ocr_par' dir='ltr' id='par_1_2' title="bbox 339 322 1519 492">
     <span class='ocr_line' id='line_1_2' title="bbox 341 322 1519 375; baseline 0.004 -16"><span class='ocrx_word' id='word_1_4' title='bbox 341 322 534 367; x_wconf 87' lang='lat' dir='ltr'>Quomodo</span> <span class='ocrx_word' id='word_1_5' title='bbox 549 325 768 375; x_wconf 84' lang='lat' dir='ltr'><strong>obsequare,</strong></span> <span class='ocrx_word' id='word_1_6' title='bbox 788 330 825 364; x_wconf 82' lang='lat' dir='ltr'><strong>et</strong></span> <span class='ocrx_word' id='word_1_7' title='bbox 843 329 882 364; x_wconf 84' lang='lat' dir='ltr'><strong>ut</strong></span> <span class='ocrx_word' id='word_1_8' title='bbox 901 337 1034 369; x_wconf 88' lang='lat' dir='ltr'><strong>serves,</strong></span> <span class='ocrx_word' id='word_1_9' title='bbox 1056 325 1156 375; x_wconf 89' lang='lat' dir='ltr'><strong>quod</strong></span> <span class='ocrx_word' id='word_1_10' title='bbox 1177 325 1303 364; x_wconf 86' lang='lat' dir='ltr'><strong>labore</strong></span> <span class='ocrx_word' id='word_1_11' title='bbox 1328 325 1519 364; x_wconf 76' lang='lat' dir='ltr'><strong>invenem.</strong></span> 
     </span>
     <span class='ocr_line' id='line_1_3' title="bbox 339 381 1404 431; baseline 0.005 -15"><span class='ocrx_word' id='word_1_12' title='bbox 339 381 417 417; x_wconf 90' lang='lat' dir='ltr'><strong>Non</strong></span> <span class='ocrx_word' id='word_1_13' title='bbox 437 381 488 419; x_wconf 89' lang='lat' dir='ltr'><strong>mi</strong></span> <span class='ocrx_word' id='word_1_14' title='bbox 507 393 574 431; x_wconf 90' lang='lat' dir='ltr'><strong>per</strong></span> <span class='ocrx_word' id='word_1_15' title='bbox 593 383 756 423; x_wconf 77' lang='lat' dir='ltr'>fallacias</span> <span class='ocrx_word' id='word_1_16' title='bbox 775 384 959 422; x_wconf 84' lang='lat' dir='ltr'><strong>adducere</strong></span> <span class='ocrx_word' id='word_1_17' title='bbox 979 388 1062 423; x_wconf 80' lang='lat' dir='ltr'><strong>ante</strong></span> <span class='ocrx_word' id='word_1_18' title='bbox 1078 384 1272 423; x_wconf 81' lang='lat' dir='ltr'><strong>oculos...?</strong></span> <span class='ocrx_word' id='word_1_19' title='bbox 1288 384 1404 421; x_wconf 84' lang='lat' dir='ltr'><strong>Pudet</strong></span> 
     </span>
     <span class='ocr_line' id='line_1_4' title="bbox 339 439 1478 492; baseline 0.005 -18"><span class='ocrx_word' id='word_1_20' title='bbox 339 439 465 478; x_wconf 84' lang='lat' dir='ltr'><strong>Dicere</strong></span> <span class='ocrx_word' id='word_1_21' title='bbox 482 441 550 480; x_wconf 89' lang='lat' dir='ltr'><strong>hac</strong></span> <span class='ocrx_word' id='word_1_22' title='bbox 566 447 745 491; x_wconf 85' lang='lat' dir='ltr'><strong>praesente</strong></span> <span class='ocrx_word' id='word_1_23' title='bbox 762 442 914 482; x_wconf 87' lang='lat' dir='ltr'><strong>verbum</strong></span> <span class='ocrx_word' id='word_1_24' title='bbox 932 447 1039 492; x_wconf 81' lang='lat' dir='ltr'><strong>turpe</strong></span> <span class='ocrx_word' id='word_1_25' title='bbox 1058 456 1070 482; x_wconf 74' lang='grc' dir='ltr'><strong><em>ι</em></strong></span> <span class='ocrx_word' id='word_1_26' title='bbox 1089 447 1128 482; x_wconf 84' lang='lat' dir='ltr'><strong>at</strong></span> <span class='ocrx_word' id='word_1_27' title='bbox 1139 447 1176 482; x_wconf 84' lang='lat' dir='ltr'><strong>te</strong></span> <span class='ocrx_word' id='word_1_28' title='bbox 1195 442 1234 481; x_wconf 92' lang='lat' dir='ltr'><strong>id</strong></span> <span class='ocrx_word' id='word_1_29' title='bbox 1246 442 1349 481; x_wconf 89' lang='lat' dir='ltr'><strong>nulio</strong></span> <span class='ocrx_word' id='word_1_30' title='bbox 1368 440 1478 480; x_wconf 90' lang='lat' dir='ltr'><strong>modo</strong></span> 
     </span>
    </p>
   </div>
   <div class='ocr_carea' id='block_1_3' title="bbox 338 499 636 551">
    <p class='ocr_par' dir='ltr' id='par_1_3' title="bbox 338 499 636 551">
     <span class='ocr_line' id='line_1_5' title="bbox 338 499 636 551; baseline 0.02 -16"><span class='ocrx_word' id='word_1_31' title='bbox 338 499 472 539; x_wconf 86' lang='lat' dir='ltr'><strong>Facere</strong></span> <span class='ocrx_word' id='word_1_32' title='bbox 491 501 636 551; x_wconf 89' lang='lat' dir='ltr'><strong>puduit.</strong></span> 
     </span>
    </p>
   </div>
   <div class='ocr_carea' id='block_1_4' title="bbox 331 690 1557 899">
    <p class='ocr_par' dir='ltr' id='par_1_4' title="bbox 331 690 1557 899">
     <span class='ocr_line' id='line_1_6' title="bbox 858 690 1040 718; baseline -0.005 0"><span class='ocrx_word' id='word_1_33' title='bbox 858 690 1040 718; x_wconf 69' lang='grc' dir='ltr'>σιιτιιηιο.</span> 
     </span>
     <span class='ocr_line' id='line_1_7' title="bbox 650 736 1447 787; baseline 0 -12"><span class='ocrx_word' id='word_1_34' title='bbox 650 737 766 785; x_wconf 87' lang='lat' dir='ltr'><strong>Eheu,</strong></span> <span class='ocrx_word' id='word_1_35' title='bbox 786 749 898 787; x_wconf 82' lang='lat' dir='ltr'><strong>quarn</strong></span> <span class='ocrx_word' id='word_1_36' title='bbox 918 750 1014 777; x_wconf 86' lang='lat' dir='ltr'><strong>nunc</strong></span> <span class='ocrx_word' id='word_1_37' title='bbox 1033 742 1131 777; x_wconf 87' lang='lat' dir='ltr'><strong>totus</strong></span> <span class='ocrx_word' id='word_1_38' title='bbox 1147 737 1323 787; x_wconf 83' lang='lat' dir='ltr'><strong>displiceo</strong></span> <span class='ocrx_word' id='word_1_39' title='bbox 1342 736 1447 784; x_wconf 74' lang='lat' dir='ltr'><strong>mihi,</strong></span> 
     </span>
     <span class='ocr_line' id='line_1_8' title="bbox 331 792 1557 887; baseline 0.005 -59"><span class='ocrx_word' id='word_1_40' title='bbox 331 792 448 887; x_wconf 55' lang='lat' dir='ltr'><strong>ngm</strong></span> <span class='ocrx_word' id='word_1_41' title='bbox 476 792 607 858; x_wconf 78' lang='lat' dir='ltr'><strong>pudet!</strong></span> <span class='ocrx_word' id='word_1_42' title='bbox 639 806 758 845; x_wconf 89' lang='lat' dir='ltr'><strong>neque</strong></span> <span class='ocrx_word' id='word_1_43' title='bbox 785 797 884 846; x_wconf 90' lang='lat' dir='ltr'><strong>quod</strong></span> <span class='ocrx_word' id='word_1_44' title='bbox 906 797 1127 847; x_wconf 89' lang='lat' dir='ltr'><strong>principium</strong></span> <span class='ocrx_word' id='word_1_45' title='bbox 1146 796 1319 847; x_wconf 88' lang='lat' dir='ltr'><strong>incipiam</strong></span> <span class='ocrx_word' id='word_1_46' title='bbox 1342 796 1389 834; x_wconf 80' lang='lat' dir='ltr'><strong>ad</strong></span> <span class='ocrx_word' id='word_1_47' title='bbox 1410 794 1557 845; x_wconf 72' lang='lat' dir='ltr'><strong>placan-</strong></span> 
     </span>
     <span class='ocr_line' id='line_1_9' title="bbox 405 862 587 899; baseline 0.016 -11"><span class='ocrx_word' id='word_1_48' title='bbox 405 862 481 899; x_wconf 91' lang='lat' dir='ltr'><strong>um,</strong></span> <span class='ocrx_word' id='word_1_49' title='bbox 499 863 587 891; x_wconf 80' lang='lat' dir='ltr'><strong>scio.</strong></span> 
     </span>
    </p>
   </div>
   <div class='ocr_carea' id='block_1_5' title="bbox 361 941 1513 1089">
    <p class='ocr_par' dir='ltr' id='par_1_5' title="bbox 361 941 1513 1089">
     <span class='ocr_line' id='line_1_10' title="bbox 798 941 1086 983; baseline 0.003 -2"><span class='ocrx_word' id='word_1_50' title='bbox 798 941 982 982; x_wconf 87' lang='lat' dir='ltr'><strong>SCENA</strong></span> <span class='ocrx_word' id='word_1_51' title='bbox 1018 942 1086 983; x_wconf 88' lang='lat' dir='ltr'><strong>VI.</strong></span> 
     </span>
     <span class='ocr_line' id='line_1_11' title="bbox 361 1041 1513 1089; baseline 0.006 -16"><span class='ocrx_word' id='word_1_52' title='bbox 361 1041 677 1086; x_wconf 69' lang='grc' dir='ltr'><strong>ΜΕΝΕΒΕΜυε,</strong></span> <span class='ocrx_word' id='word_1_53' title='bbox 705 1046 953 1088; x_wconf 60' lang='lat' dir='ltr'><strong>eminuas,</strong></span> <span class='ocrx_word' id='word_1_54' title='bbox 982 1047 1233 1089; x_wconf 64' lang='lat' dir='ltr'><strong>emmeno,</strong></span> <span class='ocrx_word' id='word_1_55' title='bbox 1260 1046 1513 1081; x_wconf 71' lang='lat' dir='ltr'><strong>sosrnmi.</strong></span> 
     </span>
    </p>
   </div>
   <div class='ocr_carea' id='block_1_6' title="bbox 314 1130 1624 2361">
    <p class='ocr_par' dir='ltr' id='par_1_6' title="bbox 314 1130 1624 2361">
     <span class='ocr_line' id='line_1_12' title="bbox 811 1130 1624 1187; baseline 0.004 -3.045"><span class='ocrx_word' id='word_1_56' title='bbox 811 1158 1051 1185; x_wconf 69' lang='lat' dir='ltr'><strong>unnssnnuus.</strong></span> <span class='ocrx_word' id='word_1_57' title='bbox 1618 1130 1624 1187; x_wconf 66' lang='lat' dir='ltr'><strong>i</strong></span> 
     </span>
     <span class='ocr_line' id='line_1_13' title="bbox 324 1190 1624 1253; baseline 0.007 -18"><span class='ocrx_word' id='word_1_58' title='bbox 324 1198 516 1239; x_wconf 86' lang='lat' dir='ltr'><strong>Enimvero</strong></span> <span class='ocrx_word' id='word_1_59' title='bbox 536 1201 710 1241; x_wconf 85' lang='lat' dir='ltr'><strong>Chremes</strong></span> <span class='ocrx_word' id='word_1_60' title='bbox 723 1203 832 1242; x_wconf 85' lang='lat' dir='ltr'><strong>nimis</strong></span> <span class='ocrx_word' id='word_1_61' title='bbox 848 1205 1006 1252; x_wconf 84' lang='lat' dir='ltr'><strong>graviter</strong></span> <span class='ocrx_word' id='word_1_62' title='bbox 1023 1204 1160 1243; x_wconf 88' lang='lat' dir='ltr'><strong>cruciat</strong></span> <span class='ocrx_word' id='word_1_63' title='bbox 1174 1204 1502 1253; x_wconf 84' lang='lat' dir='ltr'><strong>adulescentulum,</strong></span> <span class='ocrx_word' id='word_1_64' title='bbox 1616 1190 1624 1232; x_wconf 77' lang='lat'><strong>¹²</strong></span> 
     </span>
     <span class='ocr_line' id='line_1_14' title="bbox 322 1256 1624 1314; baseline 0.008 -21"><span class='ocrx_word' id='word_1_65' title='bbox 322 1256 510 1307; x_wconf 85' lang='lat' dir='ltr'><strong>Nimisque</strong></span> <span class='ocrx_word' id='word_1_66' title='bbox 536 1260 751 1300; x_wconf 84' lang='lat' dir='ltr'><strong>inhumane·</strong></span> <span class='ocrx_word' id='word_1_67' title='bbox 777 1266 874 1302; x_wconf 81' lang='lat' dir='ltr'><strong>Exeo</strong></span> <span class='ocrx_word' id='word_1_68' title='bbox 905 1275 994 1313; x_wconf 82' lang='lat' dir='ltr'><strong>ergo</strong></span> <span class='ocrx_word' id='word_1_69' title='bbox 1019 1269 1058 1303; x_wconf 85' lang='lat' dir='ltr'><strong>ut</strong></span> <span class='ocrx_word' id='word_1_70' title='bbox 1085 1274 1213 1314; x_wconf 86' lang='lat' dir='ltr'><strong>pacem</strong></span> <span class='ocrx_word' id='word_1_71' title='bbox 1241 1263 1444 1302; x_wconf 89' lang='lat' dir='ltr'><strong>conciliem.</strong></span> <span class='ocrx_word' id='word_1_72' title='bbox 1473 1265 1547 1312; x_wconf 89' lang='lat' dir='ltr'><strong>Op-</strong></span> <span class='ocrx_word' id='word_1_73' title='bbox 1619 1265 1624 1310; x_wconf 77' lang='lat' dir='ltr'><strong>i</strong></span> 
     </span>
     <span class='ocr_line' id='line_1_15' title="bbox 368 1319 468 1355; baseline 0.02 -2"><span class='ocrx_word' id='word_1_74' title='bbox 368 1319 468 1355; x_wconf 79' lang='lat' dir='ltr'><strong>tume</strong></span> 
     </span>
     <span class='ocr_line' id='line_1_16' title="bbox 320 1374 552 1423; baseline 0.036 -13"><span class='ocrx_word' id='word_1_75' title='bbox 320 1374 419 1423; x_wconf 86' lang='lat' dir='ltr'><strong>Ipsos</strong></span> <span class='ocrx_word' id='word_1_76' title='bbox 433 1376 552 1418; x_wconf 91' lang='lat' dir='ltr'><strong>video.</strong></span> 
     </span>
     <span class='ocr_line' id='line_1_17' title="bbox 845 1451 1021 1479; baseline 0 0"><span class='ocrx_word' id='word_1_77' title='bbox 845 1451 1021 1479; x_wconf 62' lang='lat' dir='ltr'><strong>ennemas-</strong></span> 
     </span>
     <span class='ocr_line' id='line_1_18' title="bbox 576 1497 1400 1549; baseline 0.005 -14"><span class='ocrx_word' id='word_1_78' title='bbox 576 1497 704 1543; x_wconf 88' lang='lat' dir='ltr'><strong>Ehem,</strong></span> <span class='ocrx_word' id='word_1_79' title='bbox 720 1499 949 1546; x_wconf 73' lang='lat' dir='ltr'><strong>Menedemo,</strong></span> <span class='ocrx_word' id='word_1_80' title='bbox 969 1511 1035 1538; x_wconf 91' lang='lat' dir='ltr'><strong>cur</strong></span> <span class='ocrx_word' id='word_1_81' title='bbox 1050 1511 1123 1539; x_wconf 91' lang='lat' dir='ltr'><strong>non</strong></span> <span class='ocrx_word' id='word_1_82' title='bbox 1141 1499 1276 1539; x_wconf 82' lang='lat' dir='ltr'><strong>accersi</strong></span> <span class='ocrx_word' id='word_1_83' title='bbox 1291 1499 1400 1549; x_wconf 85' lang='lat' dir='ltr'><strong>jubes</strong></span> 
     </span>
     <span class='ocr_line' id='line_1_19' title="bbox 318 1551 1019 1605; baseline 0.011 -17"><span class='ocrx_word' id='word_1_84' title='bbox 318 1551 462 1602; x_wconf 85' lang='lat' dir='ltr'><strong>Filiam,</strong></span> <span class='ocrx_word' id='word_1_85' title='bbox 479 1558 517 1593; x_wconf 89' lang='lat' dir='ltr'><strong>et</strong></span> <span class='ocrx_word' id='word_1_86' title='bbox 531 1557 630 1605; x_wconf 89' lang='lat' dir='ltr'><strong>quod</strong></span> <span class='ocrx_word' id='word_1_87' title='bbox 648 1556 747 1596; x_wconf 87' lang='lat' dir='ltr'><strong>dotis</strong></span> <span class='ocrx_word' id='word_1_88' title='bbox 763 1557 851 1605; x_wconf 88' lang='lat' dir='ltr'><strong>dixi,</strong></span> <span class='ocrx_word' id='word_1_89' title='bbox 872 1559 1019 1596; x_wconf 77' lang='lat' dir='ltr'><strong>firmas?</strong></span> 
     </span>
     <span class='ocr_line' id='line_1_20' title="bbox 827 1629 1026 1658; baseline 0.005 -1"><span class='ocrx_word' id='word_1_90' title='bbox 827 1629 1026 1658; x_wconf 68' lang='lat' dir='ltr'><strong>sos-rimu.</strong></span> 
     </span>
     <span class='ocr_line' id='line_1_21' title="bbox 1045 1677 1410 1727; baseline 0 -11"><span class='ocrx_word' id='word_1_91' title='bbox 1045 1677 1092 1716; x_wconf 84' lang='lat' dir='ltr'><strong>Mi</strong></span> <span class='ocrx_word' id='word_1_92' title='bbox 1108 1678 1178 1727; x_wconf 87' lang='lat' dir='ltr'><strong>vir,</strong></span> <span class='ocrx_word' id='word_1_93' title='bbox 1201 1682 1239 1717; x_wconf 86' lang='lat' dir='ltr'><strong>te</strong></span> <span class='ocrx_word' id='word_1_94' title='bbox 1256 1677 1410 1716; x_wconf 85' lang='lat' dir='ltr'><strong>obsecro</strong></span> 
     </span>
     <span class='ocr_line' id='line_1_22' title="bbox 316 1731 509 1771; baseline 0.01 -4"><span class='ocrx_word' id='word_1_95' title='bbox 316 1732 368 1768; x_wconf 90' lang='lat' dir='ltr'><strong>Ne</strong></span> <span class='ocrx_word' id='word_1_96' title='bbox 384 1731 509 1771; x_wconf 76' lang='lat' dir='ltr'><strong>facias.</strong></span> 
     </span>
     <span class='ocr_line' id='line_1_23' title="bbox 839 1804 1024 1834; baseline 0.016 -3"><span class='ocrx_word' id='word_1_97' title='bbox 839 1804 1024 1834; x_wconf 67' lang='lat' dir='ltr'><strong>ctu-nmo.</strong></span> 
     </span>
     <span class='ocr_line' id='line_1_24' title="bbox 527 1851 1087 1901; baseline 0.005 -13"><span class='ocrx_word' id='word_1_98' title='bbox 527 1853 646 1896; x_wconf 81' lang='lat' dir='ltr'><strong>Pater,</strong></span> <span class='ocrx_word' id='word_1_99' title='bbox 664 1851 820 1893; x_wconf 88' lang='lat' dir='ltr'><strong>obsecro</strong></span> <span class='ocrx_word' id='word_1_100' title='bbox 839 1853 890 1890; x_wconf 90' lang='lat' dir='ltr'><strong>mi</strong></span> <span class='ocrx_word' id='word_1_101' title='bbox 908 1853 1087 1901; x_wconf 77' lang='lat' dir='ltr'><strong>ignoscas.</strong></span> 
     </span>
     <span class='ocr_line' id='line_1_25' title="bbox 814 1923 1044 1952; baseline -0.004 -1"><span class='ocrx_word' id='word_1_102' title='bbox 814 1923 1044 1952; x_wconf 65' lang='lat' dir='ltr'><strong>MENEDEHUS.</strong></span> 
     </span>
     <span class='ocr_line' id='line_1_26' title="bbox 1062 1972 1535 2020; baseline 0.002 -10"><span class='ocrx_word' id='word_1_103' title='bbox 1062 1999 1066 2001; x_wconf 79' lang='grc'><strong>-</strong></span> <span class='ocrx_word' id='word_1_104' title='bbox 1099 1974 1152 2011; x_wconf 89' lang='lat' dir='ltr'><strong>Da</strong></span> <span class='ocrx_word' id='word_1_105' title='bbox 1172 1973 1337 2020; x_wconf 86' lang='lat' dir='ltr'><strong>veniam,</strong></span> <span class='ocrx_word' id='word_1_106' title='bbox 1356 1972 1535 2011; x_wconf 64' lang='lat' dir='ltr'><strong>Chi-emet</strong></span> 
     </span>
     <span class='ocr_line' id='line_1_27' title="bbox 315 2023 631 2065; baseline 0.013 -4"><span class='ocrx_word' id='word_1_107' title='bbox 315 2023 449 2063; x_wconf 85' lang='lat' dir='ltr'><strong>sinete</strong></span> <span class='ocrx_word' id='word_1_108' title='bbox 469 2035 631 2065; x_wconf 86' lang='lat' dir='ltr'><strong>exorem.</strong></span> 
     </span>
     <span class='ocr_line' id='line_1_28' title="bbox 531 2100 1014 2127; baseline 0.004 -2"><span class='ocrx_word' id='word_1_109' title='bbox 531 2102 534 2104; x_wconf 50' lang='grc'><strong>’</strong></span> <span class='ocrx_word' id='word_1_110' title='bbox 835 2100 1014 2127; x_wconf 74' lang='lat' dir='ltr'><strong>cnnssusss.</strong></span> 
     </span>
     <span class='ocr_line' id='line_1_29' title="bbox 594 2147 1536 2195; baseline 0.005 -12"><span class='ocrx_word' id='word_1_111' title='bbox 594 2148 694 2195; x_wconf 85' lang='lat' dir='ltr'><strong>Egon</strong></span> <span class='ocrx_word' id='word_1_112' title='bbox 713 2156 796 2185; x_wconf 84' lang='lat' dir='ltr'><strong>mea</strong></span> <span class='ocrx_word' id='word_1_113' title='bbox 817 2147 914 2185; x_wconf 86' lang='lat' dir='ltr'><strong>bona</strong></span> <span class='ocrx_word' id='word_1_114' title='bbox 932 2152 973 2185; x_wconf 88' lang='lat' dir='ltr'><strong>ut</strong></span> <span class='ocrx_word' id='word_1_115' title='bbox 989 2147 1075 2186; x_wconf 92' lang='lat' dir='ltr'><strong>dem</strong></span> <span class='ocrx_word' id='word_1_116' title='bbox 1091 2148 1262 2187; x_wconf 87' lang='lat' dir='ltr'><strong>Bacchidi</strong></span> <span class='ocrx_word' id='word_1_117' title='bbox 1280 2148 1377 2187; x_wconf 89' lang='lat' dir='ltr'><strong>dono</strong></span> <span class='ocrx_word' id='word_1_118' title='bbox 1395 2151 1536 2191; x_wconf 55' lang='lat' dir='ltr'><strong>scitus?</strong></span> 
     </span>
     <span class='ocr_line' id='line_1_30' title="bbox 314 2201 552 2241; baseline 0.013 -3"><span class='ocrx_word' id='word_1_119' title='bbox 314 2201 391 2238; x_wconf 89' lang='lat' dir='ltr'><strong>Non</strong></span> <span class='ocrx_word' id='word_1_120' title='bbox 407 2201 552 2241; x_wconf 76' lang='lat' dir='ltr'><strong>faciam.</strong></span> 
     </span>
     <span class='ocr_line' id='line_1_31' title="bbox 811 2274 1040 2301; baseline 0.004 -1"><span class='ocrx_word' id='word_1_121' title='bbox 811 2274 1040 2301; x_wconf 69' lang='lat' dir='ltr'><strong>unnentnus.</strong></span> 
     </span>
     <span class='ocr_line' id='line_1_32' title="bbox 570 2320 1044 2361; baseline 0.004 -2"><span class='ocrx_word' id='word_1_122' title='bbox 570 2322 619 2359; x_wconf 77' lang='lat' dir='ltr'><strong>At</strong></span> <span class='ocrx_word' id='word_1_123' title='bbox 633 2320 672 2359; x_wconf 89' lang='lat' dir='ltr'><strong>id</strong></span> <span class='ocrx_word' id='word_1_124' title='bbox 691 2332 760 2360; x_wconf 86' lang='lat' dir='ltr'><strong>nos</strong></span> <span class='ocrx_word' id='word_1_125' title='bbox 778 2332 853 2360; x_wconf 90' lang='lat' dir='ltr'><strong>non</strong></span> <span class='ocrx_word' id='word_1_126' title='bbox 869 2321 1044 2361; x_wconf 85' lang='lat' dir='ltr'><strong>sinemus.</strong></span> 
     </span>
    </p>
   </div>
  </div>
 </body>
</html>
