<?xml version="1.0" encoding="UTF-8"?>
<!DOCTYPE html PUBLIC "-//W3C//DTD XHTML 1.0 Transitional//EN"
    "http://www.w3.org/TR/xhtml1/DTD/xhtml1-transitional.dtd">
<html xmlns="http://www.w3.org/1999/xhtml" xml:lang="en" lang="en">
 <head>
  <title>
</title>
<meta http-equiv="Content-Type" content="text/html;charset=utf-8" />
  <meta name='ocr-system' content='tesseract 3.04.00' />
  <meta name='ocr-capabilities' content='ocr_page ocr_carea ocr_par ocr_line ocrx_word'/>
</head>
<body>
  <div class='ocr_page' id='page_1' title='image "./comdiesdetre01tereuoft_0138.png"; bbox 0 0 1586 2658; ppageno 0'>
   <div class='ocr_carea' id='block_1_1' title="bbox 147 204 866 245">
    <p class='ocr_par' dir='ltr' id='par_1_1' title="bbox 147 204 866 245">
     <span class='ocr_line' id='line_1_1' title="bbox 147 204 866 245; baseline 0.006 -5"><span class='ocrx_word' id='word_1_1' title='bbox 147 204 195 241; x_wconf 83' lang='lat'><strong>76</strong></span> <span class='ocrx_word' id='word_1_2' title='bbox 659 208 866 245; x_wconf 76' lang='lat' dir='ltr'><strong>ANDRlA.</strong></span> 
     </span>
    </p>
   </div>
   <div class='ocr_carea' id='block_1_2' title="bbox 144 298 1387 1634">
    <p class='ocr_par' dir='ltr' id='par_1_2' title="bbox 144 298 1387 1634">
     <span class='ocr_line' id='line_1_2' title="bbox 717 298 816 324; baseline 0 0"><span class='ocrx_word' id='word_1_3' title='bbox 717 298 816 324; x_wconf 77' lang='lat' dir='ltr'><strong>snio.</strong></span> 
     </span>
     <span class='ocr_line' id='line_1_3' title="bbox 151 341 420 380; baseline 0.007 -2"><span class='ocrx_word' id='word_1_4' title='bbox 151 341 250 379; x_wconf 89' lang='lat' dir='ltr'><strong>Unde</strong></span> <span class='ocrx_word' id='word_1_5' title='bbox 268 341 305 379; x_wconf 90' lang='lat' dir='ltr'><strong>id</strong></span> <span class='ocrx_word' id='word_1_6' title='bbox 325 341 420 380; x_wconf 77' lang='lat' dir='ltr'><strong>scis?</strong></span> 
     </span>
     <span class='ocr_line' id='line_1_4' title="bbox 700 414 832 440; baseline -0.008 -1"><span class='ocrx_word' id='word_1_7' title='bbox 700 414 832 440; x_wconf 56' lang='lat' dir='ltr'><strong>nives.</strong></span> 
     </span>
     <span class='ocr_line' id='line_1_5' title="bbox 295 458 1305 510; baseline -0.002 -12"><span class='ocrx_word' id='word_1_8' title='bbox 295 507 304 510; x_wconf 36' lang='grc'>,</span> <span class='ocrx_word' id='word_1_9' title='bbox 378 486 380 488; x_wconf 33' lang='lat' dir='ltr'>v</span> <span class='ocrx_word' id='word_1_10' title='bbox 433 459 578 508; x_wconf 80' lang='lat' dir='ltr'><strong>Audivi,</strong></span> <span class='ocrx_word' id='word_1_11' title='bbox 595 465 630 498; x_wconf 83' lang='lat' dir='ltr'><strong>et</strong></span> <span class='ocrx_word' id='word_1_12' title='bbox 647 461 757 498; x_wconf 84' lang='lat' dir='ltr'><strong>credo</strong></span> <span class='ocrx_word' id='word_1_13' title='bbox 777 474 785 498; x_wconf 77' lang='grc' dir='ltr'>ε</span> <span class='ocrx_word' id='word_1_14' title='bbox 807 460 925 498; x_wconf 87' lang='lat' dir='ltr'><strong>multa</strong></span> <span class='ocrx_word' id='word_1_15' title='bbox 939 463 1163 498; x_wconf 87' lang='lat' dir='ltr'><strong>concurrunt</strong></span> <span class='ocrx_word' id='word_1_16' title='bbox 1180 458 1305 506; x_wconf 84' lang='lat' dir='ltr'><strong>simul,</strong></span> 
     </span>
     <span class='ocr_line' id='line_1_6' title="bbox 149 514 1385 568; baseline 0 -14"><span class='ocrx_word' id='word_1_17' title='bbox 149 517 218 563; x_wconf 84' lang='lat' dir='ltr'><strong>Qui</strong></span> <span class='ocrx_word' id='word_1_18' title='bbox 242 517 495 566; x_wconf 88' lang='lat' dir='ltr'><strong>conjecturam</strong></span> <span class='ocrx_word' id='word_1_19' title='bbox 522 514 615 557; x_wconf 83' lang='lat' dir='ltr'><strong>hanc</strong></span> <span class='ocrx_word' id='word_1_20' title='bbox 642 530 739 557; x_wconf 88' lang='lat' dir='ltr'><strong>nunc</strong></span> <span class='ocrx_word' id='word_1_21' title='bbox 762 519 869 557; x_wconf 82' lang='lat' dir='ltr'><strong>facio.</strong></span> <span class='ocrx_word' id='word_1_22' title='bbox 897 521 978 557; x_wconf 85' lang='lat' dir='ltr'><strong>Jam</strong></span> <span class='ocrx_word' id='word_1_23' title='bbox 1002 518 1164 568; x_wconf 90' lang='lat' dir='ltr'><strong>primum</strong></span> <span class='ocrx_word' id='word_1_24' title='bbox 1193 519 1270 556; x_wconf 76' lang='lat' dir='ltr'><strong>haec</strong></span> <span class='ocrx_word' id='word_1_25' title='bbox 1294 527 1335 555; x_wconf 87' lang='lat' dir='ltr'><strong>se</strong></span> <span class='ocrx_word' id='word_1_26' title='bbox 1363 527 1385 554; x_wconf 88' lang='lat' dir='ltr'><strong>e</strong></span> 
     </span>
     <span class='ocr_line' id='line_1_7' title="bbox 197 575 390 619; baseline 0.01 -7"><span class='ocrx_word' id='word_1_27' title='bbox 197 575 390 619; x_wconf 87' lang='lat' dir='ltr'><strong>Pamphilo</strong></span> 
     </span>
     <span class='ocr_line' id='line_1_8' title="bbox 146 634 1384 684; baseline 0 -12"><span class='ocrx_word' id='word_1_28' title='bbox 146 634 342 672; x_wconf 83' lang='lat' dir='ltr'>Gravidam</span> <span class='ocrx_word' id='word_1_29' title='bbox 356 636 453 674; x_wconf 87' lang='lat' dir='ltr'><strong>dixit</strong></span> <span class='ocrx_word' id='word_1_30' title='bbox 469 645 550 674; x_wconf 89' lang='lat' dir='ltr'><strong>esse</strong></span> <span class='ocrx_word' id='word_1_31' title='bbox 568 648 579 674; x_wconf 75' lang='grc' dir='ltr'><strong><em>ε</em></strong></span> <span class='ocrx_word' id='word_1_32' title='bbox 597 635 787 674; x_wconf 86' lang='lat' dir='ltr'><strong>inventum</strong></span> <span class='ocrx_word' id='word_1_33' title='bbox 806 640 862 674; x_wconf 89' lang='lat' dir='ltr'><strong>est</strong></span> <span class='ocrx_word' id='word_1_34' title='bbox 880 635 1030 674; x_wconf 81' lang='lat' dir='ltr'><strong>falsum.</strong></span> <span class='ocrx_word' id='word_1_35' title='bbox 1048 637 1167 676; x_wconf 77' lang='lat' dir='ltr'><strong>Nunc,</strong></span> <span class='ocrx_word' id='word_1_36' title='bbox 1189 639 1384 684; x_wconf 78' lang='lat' dir='ltr'><strong>postquam</strong></span> 
     </span>
     <span class='ocr_line' id='line_1_9' title="bbox 196 693 295 731; baseline 0.02 -2"><span class='ocrx_word' id='word_1_37' title='bbox 196 693 295 731; x_wconf 87' lang='lat' dir='ltr'><strong>videt</strong></span> 
     </span>
     <span class='ocr_line' id='line_1_10' title="bbox 150 751 1060 803; baseline 0.003 -14"><span class='ocrx_word' id='word_1_38' title='bbox 150 751 300 800; x_wconf 83' lang='lat' dir='ltr'><strong>Nuptias</strong></span> <span class='ocrx_word' id='word_1_39' title='bbox 316 753 420 791; x_wconf 90' lang='lat' dir='ltr'><strong>domi</strong></span> <span class='ocrx_word' id='word_1_40' title='bbox 438 753 622 803; x_wconf 87' lang='lat' dir='ltr'><strong>apparari,</strong></span> <span class='ocrx_word' id='word_1_41' title='bbox 644 754 790 792; x_wconf 87' lang='lat' dir='ltr'><strong>missast</strong></span> <span class='ocrx_word' id='word_1_42' title='bbox 807 752 943 792; x_wconf 86' lang='lat' dir='ltr'><strong>ancilla</strong></span> <span class='ocrx_word' id='word_1_43' title='bbox 960 753 1060 792; x_wconf 89' lang='lat' dir='ltr'><strong>illico</strong></span> 
     </span>
     <span class='ocr_line' id='line_1_11' title="bbox 148 811 1382 862; baseline 0.001 -14"><span class='ocrx_word' id='word_1_44' title='bbox 148 811 390 850; x_wconf 87' lang='lat' dir='ltr'><strong>Obstetricem</strong></span> <span class='ocrx_word' id='word_1_45' title='bbox 401 812 620 851; x_wconf 89' lang='lat' dir='ltr'><strong>accersitum</strong></span> <span class='ocrx_word' id='word_1_46' title='bbox 637 813 686 851; x_wconf 90' lang='lat' dir='ltr'><strong>ad</strong></span> <span class='ocrx_word' id='word_1_47' title='bbox 697 824 794 858; x_wconf 91' lang='lat' dir='ltr'><strong>eam,</strong></span> <span class='ocrx_word' id='word_1_48' title='bbox 809 818 847 851; x_wconf 91' lang='lat' dir='ltr'><strong>et</strong></span> <span class='ocrx_word' id='word_1_49' title='bbox 860 823 1018 862; x_wconf 89' lang='lat' dir='ltr'><strong>puerum</strong></span> <span class='ocrx_word' id='word_1_50' title='bbox 1031 816 1072 850; x_wconf 92' lang='lat' dir='ltr'><strong>ut</strong></span> <span class='ocrx_word' id='word_1_51' title='bbox 1083 812 1247 850; x_wconf 81' lang='lat' dir='ltr'><strong>adferret</strong></span> <span class='ocrx_word' id='word_1_52' title='bbox 1258 811 1382 850; x_wconf 82' lang='lat' dir='ltr'><strong>simul.</strong></span> 
     </span>
     <span class='ocr_line' id='line_1_12' title="bbox 149 871 1317 922; baseline 0.001 -13"><span class='ocrx_word' id='word_1_53' title='bbox 149 873 223 910; x_wconf 87' lang='lat' dir='ltr'><strong>Hoc</strong></span> <span class='ocrx_word' id='word_1_54' title='bbox 241 871 311 910; x_wconf 89' lang='lat' dir='ltr'><strong>nisi</strong></span> <span class='ocrx_word' id='word_1_55' title='bbox 330 871 385 920; x_wconf 85' lang='lat' dir='ltr'><strong>fit,</strong></span> <span class='ocrx_word' id='word_1_56' title='bbox 402 883 560 922; x_wconf 90' lang='lat' dir='ltr'><strong>puerum</strong></span> <span class='ocrx_word' id='word_1_57' title='bbox 576 877 616 912; x_wconf 92' lang='lat' dir='ltr'><strong>ut</strong></span> <span class='ocrx_word' id='word_1_58' title='bbox 634 877 675 912; x_wconf 90' lang='lat' dir='ltr'><strong>tu</strong></span> <span class='ocrx_word' id='word_1_59' title='bbox 691 873 829 919; x_wconf 87' lang='lat' dir='ltr'><strong>videas,</strong></span> <span class='ocrx_word' id='word_1_60' title='bbox 846 873 940 911; x_wconf 89' lang='lat' dir='ltr'>nihil</span> <span class='ocrx_word' id='word_1_61' title='bbox 957 877 1153 912; x_wconf 85' lang='lat' dir='ltr'><strong>moventur</strong></span> <span class='ocrx_word' id='word_1_62' title='bbox 1167 872 1317 922; x_wconf 83' lang='lat' dir='ltr'><strong>nuptiae.</strong></span> 
     </span>
     <span class='ocr_line' id='line_1_13' title="bbox 718 943 818 971; baseline 0.01 -1"><span class='ocrx_word' id='word_1_63' title='bbox 718 943 818 971; x_wconf 71' lang='lat' dir='ltr'><strong>suro.</strong></span> 
     </span>
     <span class='ocr_line' id='line_1_14' title="bbox 147 991 731 1039; baseline 0.003 -10"><span class='ocrx_word' id='word_1_64' title='bbox 147 991 243 1038; x_wconf 86' lang='lat' dir='ltr'>Quid</span> <span class='ocrx_word' id='word_1_65' title='bbox 261 991 341 1031; x_wconf 71' lang='lat' dir='ltr'><strong>ais?</strong></span> <span class='ocrx_word' id='word_1_66' title='bbox 357 995 480 1039; x_wconf 91' lang='lat' dir='ltr'><strong>Quum</strong></span> <span class='ocrx_word' id='word_1_67' title='bbox 498 993 731 1032; x_wconf 83' lang='lat' dir='ltr'><strong>intellexeras</strong></span> 
     </span>
     <span class='ocr_line' id='line_1_15' title="bbox 150 1045 1296 1102; baseline 0 -14"><span class='ocrx_word' id='word_1_68' title='bbox 150 1052 187 1088; x_wconf 90' lang='lat' dir='ltr'><strong>ld</strong></span> <span class='ocrx_word' id='word_1_69' title='bbox 204 1051 400 1090; x_wconf 90' lang='lat' dir='ltr'><strong>consilium</strong></span> <span class='ocrx_word' id='word_1_70' title='bbox 419 1063 568 1101; x_wconf 85' lang='lat' dir='ltr'><strong>capere,</strong></span> <span class='ocrx_word' id='word_1_71' title='bbox 587 1064 654 1091; x_wconf 88' lang='lat' dir='ltr'><strong>cur</strong></span> <span class='ocrx_word' id='word_1_72' title='bbox 672 1063 745 1090; x_wconf 92' lang='grc'><strong>11011</strong></span> <span class='ocrx_word' id='word_1_73' title='bbox 764 1052 857 1090; x_wconf 88' lang='lat' dir='ltr'><strong>dixti</strong></span> <span class='ocrx_word' id='word_1_74' title='bbox 872 1045 1058 1102; x_wconf 73' lang='lat' dir='ltr'><strong>extemplo</strong></span> <span class='ocrx_word' id='word_1_75' title='bbox 1076 1050 1296 1101; x_wconf 80' lang='lat' dir='ltr'><strong>Pamphilo?</strong></span> 
     </span>
     <span class='ocr_line' id='line_1_16' title="bbox 697 1123 830 1150; baseline 0 0"><span class='ocrx_word' id='word_1_76' title='bbox 697 1123 830 1150; x_wconf 68' lang='lat' dir='ltr'><strong>nnus.</strong></span> 
     </span>
     <span class='ocr_line' id='line_1_17' title="bbox 148 1169 1386 1220; baseline -0.002 -11"><span class='ocrx_word' id='word_1_77' title='bbox 148 1170 237 1218; x_wconf 85' lang='lat' dir='ltr'><strong>Quis</strong></span> <span class='ocrx_word' id='word_1_78' title='bbox 255 1170 367 1219; x_wconf 83' lang='lat' dir='ltr'><strong>igitur</strong></span> <span class='ocrx_word' id='word_1_79' title='bbox 384 1181 471 1210; x_wconf 89' lang='lat' dir='ltr'><strong>eum</strong></span> <span class='ocrx_word' id='word_1_80' title='bbox 490 1170 537 1208; x_wconf 88' lang='lat' dir='ltr'><strong>ab</strong></span> <span class='ocrx_word' id='word_1_81' title='bbox 554 1169 619 1209; x_wconf 87' lang='lat' dir='ltr'><strong>illa</strong></span> <span class='ocrx_word' id='word_1_82' title='bbox 640 1171 834 1220; x_wconf 83' lang='lat' dir='ltr'><strong>abstraxit,</strong></span> <span class='ocrx_word' id='word_1_83' title='bbox 852 1169 924 1210; x_wconf 87' lang='lat' dir='ltr'><strong>nisi</strong></span> <span class='ocrx_word' id='word_1_84' title='bbox 942 1172 1040 1220; x_wconf 74' lang='lat' dir='ltr'><strong>ego?</strong></span> <span class='ocrx_word' id='word_1_85' title='bbox 1058 1173 1151 1209; x_wconf 86' lang='lat' dir='ltr'><strong>Nam</strong></span> <span class='ocrx_word' id='word_1_86' title='bbox 1169 1170 1299 1208; x_wconf 83' lang='lat' dir='ltr'><strong>omnes</strong></span> <span class='ocrx_word' id='word_1_87' title='bbox 1318 1179 1386 1207; x_wconf 89' lang='lat' dir='ltr'><strong>nos</strong></span> 
     </span>
     <span class='ocr_line' id='line_1_18' title="bbox 194 1229 345 1279; baseline 0.007 -11"><span class='ocrx_word' id='word_1_88' title='bbox 194 1229 345 1279; x_wconf 90' lang='lat' dir='ltr'><strong>quidem</strong></span> 
     </span>
     <span class='ocr_line' id='line_1_19' title="bbox 144 1287 1381 1339; baseline -0.002 -12"><span class='ocrx_word' id='word_1_89' title='bbox 144 1289 291 1328; x_wconf 74' lang='lat' dir='ltr'><strong>vScimus</strong></span> <span class='ocrx_word' id='word_1_90' title='bbox 303 1302 415 1339; x_wconf 89' lang='lat' dir='ltr'><strong>quam</strong></span> <span class='ocrx_word' id='word_1_91' title='bbox 429 1290 564 1330; x_wconf 86' lang='lat' dir='ltr'><strong>misere</strong></span> <span class='ocrx_word' id='word_1_92' title='bbox 580 1292 676 1337; x_wconf 86' lang='lat' dir='ltr'><strong>hanc</strong></span> <span class='ocrx_word' id='word_1_93' title='bbox 689 1290 835 1328; x_wconf 88' lang='lat' dir='ltr'><strong>amarit.</strong></span> <span class='ocrx_word' id='word_1_94' title='bbox 854 1292 959 1327; x_wconf 89' lang='lat' dir='ltr'><strong>Nunc</strong></span> <span class='ocrx_word' id='word_1_95' title='bbox 978 1287 1046 1326; x_wconf 86' lang='lat' dir='ltr'><strong>sibi</strong></span> <span class='ocrx_word' id='word_1_96' title='bbox 1064 1298 1218 1326; x_wconf 90' lang='lat' dir='ltr'><strong>uxorem</strong></span> <span class='ocrx_word' id='word_1_97' title='bbox 1232 1287 1381 1335; x_wconf 84' lang='lat' dir='ltr'><strong>expetit.</strong></span> 
     </span>
     <span class='ocr_line' id='line_1_20' title="bbox 150 1346 1326 1399; baseline -0.004 -12"><span class='ocrx_word' id='word_1_98' title='bbox 150 1350 338 1388; x_wconf 90' lang='lat' dir='ltr'><strong>Postremo</strong></span> <span class='ocrx_word' id='word_1_99' title='bbox 358 1350 397 1388; x_wconf 90' lang='lat' dir='ltr'><strong>id</strong></span> <span class='ocrx_word' id='word_1_100' title='bbox 413 1350 506 1388; x_wconf 89' lang='lat' dir='ltr'><strong>mihi</strong></span> <span class='ocrx_word' id='word_1_101' title='bbox 521 1350 568 1389; x_wconf 88' lang='lat' dir='ltr'><strong>da</strong></span> <span class='ocrx_word' id='word_1_102' title='bbox 583 1349 708 1399; x_wconf 84' lang='lat' dir='ltr'><strong>negoti</strong></span> <span class='ocrx_word' id='word_1_103' title='bbox 727 1363 737 1387; x_wconf 75' lang='grc' dir='ltr'><strong><em>ε</em></strong></span> <span class='ocrx_word' id='word_1_104' title='bbox 758 1353 797 1387; x_wconf 95' lang='lat' dir='ltr'><strong>tu</strong></span> <span class='ocrx_word' id='word_1_105' title='bbox 818 1353 942 1386; x_wconf 87' lang='lat' dir='ltr'><strong>tamen</strong></span> <span class='ocrx_word' id='word_1_106' title='bbox 960 1347 1061 1385; x_wconf 85' lang='lat' dir='ltr'><strong>idem</strong></span> <span class='ocrx_word' id='word_1_107' title='bbox 1081 1347 1148 1385; x_wconf 87' lang='lat' dir='ltr'><strong>has</strong></span> <span class='ocrx_word' id='word_1_108' title='bbox 1166 1346 1326 1395; x_wconf 81' lang='lat' dir='ltr'><strong>nuptias.</strong></span> 
     </span>
     <span class='ocr_line' id='line_1_21' title="bbox 150 1407 1250 1458; baseline -0.004 -11"><span class='ocrx_word' id='word_1_109' title='bbox 150 1411 265 1458; x_wconf 84' lang='lat' dir='ltr'><strong>Perge</strong></span> <span class='ocrx_word' id='word_1_110' title='bbox 281 1409 404 1448; x_wconf 88' lang='lat' dir='ltr'><strong>facere</strong></span> <span class='ocrx_word' id='word_1_111' title='bbox 420 1411 486 1458; x_wconf 81' lang='lat' dir='ltr'><strong>ita,</strong></span> <span class='ocrx_word' id='word_1_112' title='bbox 504 1415 546 1449; x_wconf 91' lang='lat' dir='ltr'><strong>ut</strong></span> <span class='ocrx_word' id='word_1_113' title='bbox 560 1410 651 1448; x_wconf 83' lang='lat' dir='ltr'><strong>facis</strong></span> <span class='ocrx_word' id='word_1_114' title='bbox 669 1423 678 1448; x_wconf 92' lang='lat'><strong>:</strong></span> <span class='ocrx_word' id='word_1_115' title='bbox 698 1413 737 1447; x_wconf 91' lang='lat' dir='ltr'><strong>et</strong></span> <span class='ocrx_word' id='word_1_116' title='bbox 751 1408 790 1446; x_wconf 87' lang='lat' dir='ltr'><strong>id</strong></span> <span class='ocrx_word' id='word_1_117' title='bbox 806 1419 916 1458; x_wconf 88' lang='lat' dir='ltr'><strong>spero</strong></span> <span class='ocrx_word' id='word_1_118' title='bbox 932 1407 1127 1456; x_wconf 84' lang='lat' dir='ltr'><strong>adjuturos</strong></span> <span class='ocrx_word' id='word_1_119' title='bbox 1145 1407 1250 1444; x_wconf 89' lang='lat' dir='ltr'><strong>deos.</strong></span> 
     </span>
     <span class='ocr_line' id='line_1_22' title="bbox 717 1479 817 1506; baseline -0.01 0"><span class='ocrx_word' id='word_1_120' title='bbox 717 1479 817 1506; x_wconf 78' lang='lat' dir='ltr'><strong>smo.</strong></span> 
     </span>
     <span class='ocr_line' id='line_1_23' title="bbox 147 1525 1387 1575; baseline -0.003 -12"><span class='ocrx_word' id='word_1_121' title='bbox 147 1528 266 1564; x_wconf 80' lang='grc'><strong>11111110</strong></span> <span class='ocrx_word' id='word_1_122' title='bbox 284 1527 346 1565; x_wconf 87' lang='lat' dir='ltr'><strong>abi</strong></span> <span class='ocrx_word' id='word_1_123' title='bbox 364 1526 461 1565; x_wconf 89' lang='lat' dir='ltr'><strong>intro</strong></span> <span class='ocrx_word' id='word_1_124' title='bbox 482 1540 491 1563; x_wconf 91' lang='lat'>:</span> <span class='ocrx_word' id='word_1_125' title='bbox 513 1526 563 1565; x_wconf 91' lang='lat' dir='ltr'><strong>ibi</strong></span> <span class='ocrx_word' id='word_1_126' title='bbox 583 1537 644 1565; x_wconf 91' lang='lat' dir='ltr'><strong>me</strong></span> <span class='ocrx_word' id='word_1_127' title='bbox 663 1536 856 1575; x_wconf 80' lang='lat' dir='ltr'><strong>opperlre‚</strong></span> <span class='ocrx_word' id='word_1_128' title='bbox 874 1528 913 1563; x_wconf 91' lang='lat' dir='ltr'><strong>et</strong></span> <span class='ocrx_word' id='word_1_129' title='bbox 936 1525 1035 1574; x_wconf 90' lang='lat' dir='ltr'><strong>quod</strong></span> <span class='ocrx_word' id='word_1_130' title='bbox 1059 1530 1186 1573; x_wconf 77' lang='lat' dir='ltr'><strong>parato</strong></span> <span class='ocrx_word' id='word_1_131' title='bbox 1212 1534 1305 1572; x_wconf 90' lang='lat' dir='ltr'><strong>opus</strong></span> <span class='ocrx_word' id='word_1_132' title='bbox 1330 1527 1387 1561; x_wconf 81' lang='lat' dir='ltr'><strong>est</strong></span> 
     </span>
     <span class='ocr_line' id='line_1_24' title="bbox 199 1596 301 1634; baseline -0.02 -10"><span class='ocrx_word' id='word_1_133' title='bbox 199 1596 301 1634; x_wconf 85' lang='lat' dir='ltr'><strong>para.</strong></span> 
     </span>
    </p>
   </div>
   <div class='ocr_carea' id='block_1_3' title="bbox 638 1703 906 1828">
    <p class='ocr_par' dir='ltr' id='par_1_3' title="bbox 638 1703 906 1828">
     <span class='ocr_line' id='line_1_25' title="bbox 638 1703 906 1744; baseline -0.011 0"><span class='ocrx_word' id='word_1_134' title='bbox 638 1703 822 1744; x_wconf 82' lang='lat' dir='ltr'>SCENA</span> <span class='ocrx_word' id='word_1_135' title='bbox 860 1703 906 1742; x_wconf 91' lang='lat' dir='ltr'><strong>V.</strong></span> 
     </span>
     <span class='ocr_line' id='line_1_26' title="bbox 705 1793 835 1828; baseline 0.008 -2"><span class='ocrx_word' id='word_1_136' title='bbox 705 1793 835 1828; x_wconf 82' lang='lat' dir='ltr'><strong>SIMO.</strong></span> 
     </span>
    </p>
   </div>
   <div class='ocr_carea' id='block_1_4' title="bbox 150 1891 1215 2167">
    <p class='ocr_par' dir='ltr' id='par_1_4' title="bbox 717 1891 821 1919">
     <span class='ocr_line' id='line_1_27' title="bbox 717 1891 821 1919; baseline 0 -1"><span class='ocrx_word' id='word_1_137' title='bbox 717 1891 821 1919; x_wconf 81' lang='lat' dir='ltr'><strong>suro.</strong></span> 
     </span>
    </p>

    <p class='ocr_par' dir='ltr' id='par_1_5' title="bbox 150 1935 1215 2167">
     <span class='ocr_line' id='line_1_28' title="bbox 151 1935 1155 1989; baseline -0.007 -9"><span class='ocrx_word' id='word_1_138' title='bbox 151 1944 233 1981; x_wconf 89' lang='lat' dir='ltr'><strong>Non</strong></span> <span class='ocrx_word' id='word_1_139' title='bbox 252 1939 401 1989; x_wconf 86' lang='lat' dir='ltr'><strong>impulit</strong></span> <span class='ocrx_word' id='word_1_140' title='bbox 419 1949 480 1978; x_wconf 92' lang='lat' dir='ltr'><strong>me</strong></span> <span class='ocrx_word' id='word_1_141' title='bbox 497 1939 575 1978; x_wconf 81' lang='lat' dir='ltr'><strong>haec</strong></span> <span class='ocrx_word' id='word_1_142' title='bbox 591 1949 689 1977; x_wconf 88' lang='lat' dir='ltr'><strong>nunc</strong></span> <span class='ocrx_word' id='word_1_143' title='bbox 705 1939 859 1976; x_wconf 90' lang='lat' dir='ltr'><strong>omnino</strong></span> <span class='ocrx_word' id='word_1_144' title='bbox 879 1941 922 1976; x_wconf 91' lang='lat' dir='ltr'><strong>ut</strong></span> <span class='ocrx_word' id='word_1_145' title='bbox 938 1935 1155 1975; x_wconf 83' lang='lat' dir='ltr'><strong>crederem:</strong></span> 
     </span>
     <span class='ocr_line' id='line_1_29' title="bbox 152 1995 1151 2050; baseline -0.007 -11"><span class='ocrx_word' id='word_1_146' title='bbox 152 2005 272 2050; x_wconf 87' lang='lat' dir='ltr'><strong>Atque</strong></span> <span class='ocrx_word' id='word_1_147' title='bbox 289 1999 392 2039; x_wconf 88' lang='lat' dir='ltr'><strong>haud</strong></span> <span class='ocrx_word' id='word_1_148' title='bbox 406 2000 482 2037; x_wconf 89' lang='lat' dir='ltr'><strong>scio</strong></span> <span class='ocrx_word' id='word_1_149' title='bbox 503 2010 565 2046; x_wconf 89' lang='lat' dir='ltr'><strong>an,</strong></span> <span class='ocrx_word' id='word_1_150' title='bbox 581 2009 664 2047; x_wconf 85' lang='lat' dir='ltr'><strong>quae</strong></span> <span class='ocrx_word' id='word_1_151' title='bbox 682 1998 787 2043; x_wconf 86' lang='lat' dir='ltr'><strong>dixit,</strong></span> <span class='ocrx_word' id='word_1_152' title='bbox 805 1997 878 2035; x_wconf 90' lang='lat' dir='ltr'><strong>sint</strong></span> <span class='ocrx_word' id='word_1_153' title='bbox 896 2007 983 2035; x_wconf 81' lang='lat' dir='ltr'><strong>vera</strong></span> <span class='ocrx_word' id='word_1_154' title='bbox 997 1995 1123 2033; x_wconf 90' lang='lat' dir='ltr'><strong>omnia</strong></span> <span class='ocrx_word' id='word_1_155' title='bbox 1140 2007 1151 2032; x_wconf 86' lang='lat'>:</span> 
     </span>
     <span class='ocr_line' id='line_1_30' title="bbox 150 2056 1215 2109; baseline -0.008 -10"><span class='ocrx_word' id='word_1_156' title='bbox 150 2060 224 2099; x_wconf 88' lang='lat' dir='ltr'><strong>Sed</strong></span> <span class='ocrx_word' id='word_1_157' title='bbox 243 2059 347 2109; x_wconf 87' lang='lat' dir='ltr'><strong>parvi</strong></span> <span class='ocrx_word' id='word_1_158' title='bbox 366 2057 488 2107; x_wconf 90' lang='lat' dir='ltr'><strong>pendo</strong></span> <span class='ocrx_word' id='word_1_159' title='bbox 510 2071 520 2096; x_wconf 75' lang='grc' dir='ltr'><strong><em>ε</em></strong></span> <span class='ocrx_word' id='word_1_160' title='bbox 539 2057 633 2095; x_wconf 90' lang='lat' dir='ltr'><strong>illud</strong></span> <span class='ocrx_word' id='word_1_161' title='bbox 654 2057 705 2095; x_wconf 92' lang='lat' dir='ltr'><strong>mi</strong></span> <span class='ocrx_word' id='word_1_162' title='bbox 723 2056 840 2095; x_wconf 90' lang='lat' dir='ltr'><strong>multo</strong></span> <span class='ocrx_word' id='word_1_163' title='bbox 859 2058 1119 2100; x_wconf 85' lang='lat' dir='ltr'><strong>maxumumst,</strong></span> <span class='ocrx_word' id='word_1_164' title='bbox 1211 2093 1215 2097; x_wconf 77' lang='grc'><strong>,</strong></span> 
     </span>
     <span class='ocr_line' id='line_1_31' title="bbox 152 2113 1203 2167; baseline -0.008 -9"><span class='ocrx_word' id='word_1_165' title='bbox 152 2119 260 2167; x_wconf 82' lang='lat' dir='ltr'><strong>Quod</strong></span> <span class='ocrx_word' id='word_1_166' title='bbox 280 2117 372 2157; x_wconf 89' lang='lat' dir='ltr'><strong>mihi</strong></span> <span class='ocrx_word' id='word_1_167' title='bbox 387 2117 588 2167; x_wconf 87' lang='lat' dir='ltr'><strong>pollicitust</strong></span> <span class='ocrx_word' id='word_1_168' title='bbox 606 2117 707 2166; x_wconf 89' lang='lat' dir='ltr'><strong>ipsus</strong></span> <span class='ocrx_word' id='word_1_169' title='bbox 724 2120 870 2165; x_wconf 86' lang='lat' dir='ltr'><strong>gnatus.</strong></span> <span class='ocrx_word' id='word_1_170' title='bbox 886 2117 991 2154; x_wconf 87' lang='lat' dir='ltr'><strong>Nunc</strong></span> <span class='ocrx_word' id='word_1_171' title='bbox 1006 2113 1203 2152; x_wconf 88' lang='lat' dir='ltr'><strong>Chremem</strong></span> 
     </span>
    </p>
   </div>
   <div class='ocr_carea' id='block_1_5' title="bbox 152 2213 1387 2347">
    <p class='ocr_par' dir='ltr' id='par_1_6' title="bbox 152 2213 1387 2347">
     <span class='ocr_line' id='line_1_32' title="bbox 187 2213 1387 2257; baseline -0.007 -7"><span class='ocrx_word' id='word_1_172' title='bbox 187 2224 214 2250; x_wconf 80' lang='lat'><strong>1.</strong></span> <span class='ocrx_word' id='word_1_173' title='bbox 240 2233 251 2247; x_wconf 74' lang='grc' dir='ltr'>ι</span> <span class='ocrx_word' id='word_1_174' title='bbox 264 2223 343 2250; x_wconf 82' lang='lat' dir='ltr'><strong>cette</strong></span> <span class='ocrx_word' id='word_1_175' title='bbox 355 2222 475 2257; x_wconf 72' lang='lat' dir='ltr'><strong>reponse</strong></span> <span class='ocrx_word' id='word_1_176' title='bbox 488 2219 525 2248; x_wconf 86' lang='lat' dir='ltr'><strong>de</strong></span> <span class='ocrx_word' id='word_1_177' title='bbox 539 2222 614 2248; x_wconf 82' lang='lat' dir='ltr'><strong>Dave</strong></span> <span class='ocrx_word' id='word_1_178' title='bbox 627 2222 672 2247; x_wconf 81' lang='lat' dir='ltr'><strong>est</strong></span> <span class='ocrx_word' id='word_1_179' title='bbox 686 2219 743 2246; x_wconf 74' lang='lat' dir='ltr'><strong>fort</strong></span> <span class='ocrx_word' id='word_1_180' title='bbox 755 2217 877 2246; x_wconf 77' lang='lat' dir='ltr'><strong>adroite.</strong></span> <span class='ocrx_word' id='word_1_181' title='bbox 894 2216 918 2244; x_wconf 85' lang='lat'><strong>11</strong></span> <span class='ocrx_word' id='word_1_182' title='bbox 934 2217 1011 2244; x_wconf 85' lang='lat' dir='ltr'><strong>n’ose</strong></span> <span class='ocrx_word' id='word_1_183' title='bbox 1027 2224 1078 2252; x_wconf 74' lang='lat' dir='ltr'><strong>pas</strong></span> <span class='ocrx_word' id='word_1_184' title='bbox 1088 2214 1150 2242; x_wconf 81' lang='lat' dir='ltr'><strong>dire</strong></span> <span class='ocrx_word' id='word_1_185' title='bbox 1161 2214 1229 2250; x_wconf 88' lang='lat' dir='ltr'><strong>qu&#39;il</strong></span> <span class='ocrx_word' id='word_1_186' title='bbox 1243 2223 1261 2242; x_wconf 75' lang='lat' dir='ltr'><strong>a</strong></span> <span class='ocrx_word' id='word_1_187' title='bbox 1272 2213 1387 2242; x_wconf 80' lang='lat' dir='ltr'><strong>mstruit</strong></span> 
     </span>
     <span class='ocr_line' id='line_1_33' title="bbox 154 2254 1386 2299; baseline -0.006 -8"><span class='ocrx_word' id='word_1_188' title='bbox 154 2263 300 2299; x_wconf 81' lang='lat' dir='ltr'><strong>Pamphile</strong></span> <span class='ocrx_word' id='word_1_189' title='bbox 320 2263 357 2290; x_wconf 85' lang='lat' dir='ltr'><strong>de</strong></span> <span class='ocrx_word' id='word_1_190' title='bbox 381 2262 619 2290; x_wconf 75' lang='lat' dir='ltr'><strong>l’aoeouchement</strong></span> <span class='ocrx_word' id='word_1_191' title='bbox 635 2261 670 2288; x_wconf 87' lang='lat' dir='ltr'><strong>de</strong></span> <span class='ocrx_word' id='word_1_192' title='bbox 689 2260 833 2295; x_wconf 59' lang='lat' dir='ltr'><strong>Glycerie„</strong></span> <span class='ocrx_word' id='word_1_193' title='bbox 850 2266 934 2295; x_wconf 82' lang='lat' dir='ltr'><strong>parce</strong></span> <span class='ocrx_word' id='word_1_194' title='bbox 949 2257 1015 2294; x_wconf 85' lang='lat' dir='ltr'><strong>qu‘il</strong></span> <span class='ocrx_word' id='word_1_195' title='bbox 1032 2261 1075 2284; x_wconf 78' lang='lat' dir='ltr'><strong>est</strong></span> <span class='ocrx_word' id='word_1_196' title='bbox 1089 2255 1212 2292; x_wconf 83' lang='lat' dir='ltr'><strong>possible</strong></span> <span class='ocrx_word' id='word_1_197' title='bbox 1222 2263 1277 2291; x_wconf 87' lang='lat' dir='ltr'><strong>que</strong></span> <span class='ocrx_word' id='word_1_198' title='bbox 1291 2254 1386 2283; x_wconf 80' lang='lat' dir='ltr'><strong>simon</strong></span> 
     </span>
     <span class='ocr_line' id='line_1_34' title="bbox 152 2296 1386 2347; baseline -0.008 -13"><span class='ocrx_word' id='word_1_199' title='bbox 152 2308 301 2334; x_wconf 77' lang='lat' dir='ltr'><strong>reucoutro</strong></span> <span class='ocrx_word' id='word_1_200' title='bbox 318 2312 371 2333; x_wconf 73' lang='lat' dir='ltr'><strong>sou</strong></span> <span class='ocrx_word' id='word_1_201' title='bbox 385 2303 431 2334; x_wconf 78' lang='lat' dir='ltr'><strong>fils</strong></span> <span class='ocrx_word' id='word_1_202' title='bbox 448 2306 535 2332; x_wconf 74' lang='lat' dir='ltr'><strong>avant</strong></span> <span class='ocrx_word' id='word_1_203' title='bbox 548 2310 604 2339; x_wconf 84' lang='lat' dir='ltr'><strong>que</strong></span> <span class='ocrx_word' id='word_1_204' title='bbox 619 2304 693 2331; x_wconf 78' lang='lat' dir='ltr'><strong>Dave</strong></span> <span class='ocrx_word' id='word_1_205' title='bbox 709 2301 769 2329; x_wconf 82' lang='lat' dir='ltr'><strong>l’ait</strong></span> <span class='ocrx_word' id='word_1_206' title='bbox 791 2302 926 2337; x_wconf 78' lang='lat' dir='ltr'><strong>pre&#39;vemr,</strong></span> <span class='ocrx_word' id='word_1_207' title='bbox 950 2302 979 2326; x_wconf 87' lang='lat' dir='ltr'><strong>et</strong></span> <span class='ocrx_word' id='word_1_208' title='bbox 993 2306 1049 2334; x_wconf 88' lang='lat' dir='ltr'><strong>que</strong></span> <span class='ocrx_word' id='word_1_209' title='bbox 1067 2297 1095 2325; x_wconf 80' lang='lat' dir='ltr'><strong>lc</strong></span> <span class='ocrx_word' id='word_1_210' title='bbox 1112 2303 1267 2347; x_wconf 76' lang='lat' dir='ltr'><strong>mensouge</strong></span> <span class='ocrx_word' id='word_1_211' title='bbox 1286 2304 1317 2324; x_wconf 70' lang='lat' dir='ltr'><strong>te</strong></span> <span class='ocrx_word' id='word_1_212' title='bbox 1337 2296 1386 2324; x_wconf 61' lang='lat' dir='ltr'><strong>de-</strong></span> 
     </span>
    </p>
   </div>
  </div>
 </body>
</html>
