1624 2632
237 224 336 257 230·
746 219 965 258 HECYRA.

758 312 961 338 Pulotpt'us.

239 359 350 397 Multo
365 359 467 407 prius
484 357 586 405 scivi,
599 369 710 407 quam
726 363 779 405 tu,
795 358 898 396 iilum
917 358 1075 397 amicam
1093 358 1246 407 habers,
1260 359 1473 408 Myrrhinaz

238 419 373 454 Verum
395 416 431 455 id
449 417 576 454 vitium
595 427 785 464 nunquam
802 416 947 454 decrevi
969 427 1048 455 esse
1068 427 1136 466 ego
1152 417 1437 457 adulescentiae:

238 478 328 513 Nam
347 475 393 514 jd
422 475 596 514 omnibus
622 475 836 513 innatumst.
861 479 907 513 At
935 475 998 525 pol
1024 476 1096 514 erit
1119 487 1159 515 se
1182 487 1333 526 quoque
1362 477 1474 516 etiam

285 545 400 583 quum
418 534 554 573 oderit.

238 594 323 640 Sed,
346 598 386 631 ut
405 593 495 631 oiim
514 597 550 631 te
570 592 778 640 ostendisti,
798 592 930 631 eadem
950 603 1031 632 csse
1045 593 1136 632 nihil
1155 594 1340 633 cessavisti
1358 605 1474 644 usque

284 651 406 689 adhuc
425 665 434 689 :

238 713 281 748 Ut
310 711 424 748 tiliam
449 710 495 748 ab
520 721 564 748 eo
590 709 815 757 abduceres3
836 720 933 756 neu,
957 710 1057 759 quod
1082 721 1151 759 ego
1176 722 1358 759 egissem,
1377 717 1474 751 esset

284 774 419 807 ratum.

238 828 274 865 ld
292 839 388 866 nunc
406 839 465 866 res
483 827 661 866 mdicium
677 827 757 866 haec
775 827 877 875 facit,
898 839 973 877 quo
993 833 1099 877 pacto
1114 828 1250 867 tactum
1273 829 1446 868 volueris.

746 898 956 925 mrnnnnu.

235 946 361 984 Adeon
380 956 438 983 me
457 956 539 984 esse
559 945 787 994 pervicacem
805 956 947 992 censes,
964 946 1024 984 cui
1038 950 1157 984 mater
1175 946 1282 992 siem,

234 1008 279 1043 Ut
298 1016 342 1043 eo
359 1015 477 1043 essem
494 1004 633 1052 animo,
647 1003 678 1042 si
694 1014 738 1042 ex
750 1015 818 1042 usu
838 1009 935 1043 esset
946 1009 1074 1044 nostro
1088 1005 1159 1044 hoc
1172 1005 1473 1044 matrimonium?

752 1132 957 1159 rannerus.

234 1186 313 1221 Tun
330 1182 544 1232 prospicere
555 1184 619 1219 aut
631 1179 815 1229 judicare,
829 1183 995 1218 nostram
1009 1179 1046 1216 in
1059 1190 1140 1217 rem
1155 1180 1256 1228 quod
1268 1180 1328 1228 sit,
1342 1184 1472 1231 potes?

233 1242 372 1280 Audisti
390 1252 433 1279 ex
453 1240 578 1289 aliquo
597 1239 770 1286 sortasse,
784 1239 848 1287 qui
866 1238 1000 1276 vidisse
1018 1249 1105 1276 eum
1119 1239 1260 1277 diceret

233 1304 434 1339 Exeuntem
448 1303 512 1337 aut
529 1299 779 1336 introeuntem
798 1296 846 1335 ad
866 1297 1038 1335 amicam.
1058 1297 1153 1342 Quid
1174 1302 1252 1335 tum
1270 1300 1425 1346 postea?

232 1359 270 1398 Si
290 1359 456 1397 modeste
475 1369 518 1396 ac
538 1368 622 1394 raro
644 1357 714 1393 hoc
734 1356 821 1394 fecit
839 1370 849 1393 ;
872 1366 995 1393 nonne
1009 1365 1054 1392 ea
1070 1355 1302 1394 dissimulare
1321 1368 1389 1395 nos

233 1418 345 1466 Magis
366 1418 569 1455 humanum
589 1420 667 1459 est,
692 1425 805 1463 quam
832 1414 922 1451 dare
947 1424 1100 1462 operam
1120 1413 1158 1451 id
1186 1415 1299 1459 scire,
1318 1417 1382 1464 qui
1401 1427 1468 1455 nos

279 1476 426 1515 oderit?
1228 1472 1233 1476 ⁴

233 1540 326 1576 Nam
346 1536 376 1574 si
397 1535 427 1572 is
449 1538 572 1583 posset
589 1534 635 1571 ab
653 1544 697 1571 ea
715 1544 796 1571 sese
810 1532 1013 1581 derepente
1033 1532 1207 1574 avellere,

231 1599 396 1643 Quacum
418 1598 473 1632 tot
488 1600 701 1632 consuesset
718 1603 852 1639 annos3
875 1602 947 1628 non
966 1602 1053 1628 eum
1075 1591 1266 1630 hominem
1278 1592 1468 1642 ducerem,

234 1658 308 1694 Nec
324 1655 442 1692 virum
457 1653 546 1690 satis
563 1652 710 1689 firmum
727 1655 858 1699 gnatae.

742 1720 955 1759 nmmum.

872 1767 975 1805 Mitte
995 1766 1270 1806 adulescentem
1285 1769 1438 1807 obsecro
1455 1782 1466 1808 :

232 1835 276 1869 Et
294 1841 377 1880 quae
392 1839 452 1867 me
472 1822 642 1877 peccasse
661 1827 729 1865 ais.
747 1826 832 1874 Abi,
851 1826 973 1864 solum
993 1826 1095 1864 solus
1110 1828 1263 1865 conveni
1281 1841 1292 1866 :

231 1894 348 1938 Roga,
367 1887 503 1926 velitne
524 1897 676 1925 uxorem
696 1897 741 1924 an
758 1896 831 1923 non
851 1898 860 1923 :
880 1885 911 1923 si
928 1889 983 1923 est
1000 1889 1041 1923 ut
1058 1885 1156 1924 dicat
1171 1886 1265 1924 velle
1283 1898 1337 1934 se,

231 1949 356 1987 Redde
375 1962 384 1986 ε
405 1948 461 1984 sin
481 1951 538 1985 est
553 1950 676 1983 autem
694 1949 735 1983 ut
753 1945 867 1991 nolit,
878 1950 978 1982 recte
998 1954 1068 1993 ego
1083 1945 1251 1983 consului
1265 1957 1369 1984 meae.

743 2074 947 2102 PfflmPPUS.

229 2127 265 2163 Si
280 2125 430 2174 quidem
449 2124 513 2162 ille
528 2134 608 2172 lpse
622 2133 695 2160 non
712 2123 800 2165 volt,
814 2128 852 2161 et
867 2127 905 2160 tu
920 2121 1034 2160 sensti
1047 2133 1127 2160 esse
1138 2133 1175 2160 m
1191 2133 1250 2167 eo,
1262 2124 1465 2172 Myrrhina,

229 2186 445 2230 Peccatum;
465 2182 631 2228 aderam,
650 2193 692 2219 cu
696 2181 756 2229 jus
775 2181 929 2219 consilio
949 2191 993 2219 ea
1013 2192 1080 2230 par
1096 2182 1217 2219 suerat
1235 2182 1406 2230 prospici.

228 2242 476 2289 Quamobrem
499 2241 674 2278 incendor
695 2242 761 2283 ira,
784 2251 864 2278 esse
885 2250 1010 2278 ausam
1031 2239 1153 2278 facere
1170 2240 1248 2278 haec
1266 2245 1302 2278 te
1320 2240 1462 2289 injussu

277 2312 360 2340 meo
379 2313 388 2337 :
