1586 2658
239 202 285 236 tu
752 199 960 238 ANDRIA.

696 437 902 487 ACTUS
940 436 1021 484 IV.

733 564 918 604 SCENA
951 563 984 603 Ι.

466 658 731 700 efflamus,
759 660 1054 704 PAMpfllsz,
1082 658 1247 694 mvn-3.

761 762 956 790 emamus.

241 807 432 846 Hoceinest
450 809 628 848 credibile
641 838 654 857 ,
676 814 740 848 aut
760 809 1025 856 memorabile3

242 868 357 904 Tanta
372 867 541 906 vecordia
558 868 685 907 innata
703 868 877 918 cuiquam
891 874 932 906 ut
951 869 1044 911 siet,

241 926 287 962 Ut
305 925 413 964 malis
427 928 636 975 gaudeant,
658 931 768 977 atque
788 938 832 966 ex
849 927 1094 966 incommodis

241 983 400 1022 Alterius
418 996 484 1023 sua
503 989 546 1023 ut
562 990 780 1035 comparent
798 986 1024 1025 commoda?
1043 985 1098 1023 Ah
1119 999 1124 1008 ¹

242 1041 330 1080 Idne
345 1047 403 1081 est
415 1047 568 1083 verum?
582 1047 699 1084 Immo
716 1045 755 1083 id
774 1050 830 1083 est
848 1055 965 1094 genus
982 1044 1175 1083 hominum
1190 1053 1423 1094 pessumum,
1437 1044 1477 1082 in

241 1102 463 1150 Denegando
480 1102 595 1142 modo
613 1103 719 1154 queis
731 1104 853 1153 pudor
869 1103 1023 1153 paulum
1041 1103 1146 1142 adest
1163 1117 1174 1142 ε

242 1161 328 1199 Post
347 1160 411 1199 ubi
430 1164 578 1212 tempus
594 1162 780 1213 promissa
793 1162 872 1212 jam
890 1162 1043 1212 perfici,

242 1221 337 1257 Tum
356 1221 475 1259 coacti
495 1222 706 1261 necessario
721 1233 763 1260 se
779 1221 951 1271 aperiunt
972 1235 981 1258 :

243 1280 288 1316 Et
300 1279 432 1318 timent
450 1294 460 1319 :
478 1285 516 1319 et
534 1286 658 1320 tamen
673 1291 735 1320 res
751 1280 888 1330 premit
905 1281 1113 1329 denegare:

243 1337 295 1375 lbi
314 1342 391 1376 tum
411 1350 540 1378 eorum
559 1339 880 1389 impudentissima
895 1339 1016 1377 oratio
1035 1342 1116 1378 estz

238 1396 332 1442 'Quis
349 1401 389 1435 tu
404 1400 472 1436 es?
488 1399 573 1448 quis
591 1399 686 1437 mihi
703 1400 771 1439 es?
782 1409 850 1437 cur
862 1393 989 1436 'meam
1001 1397 1097 1436 tibi?

244 1458 340 1494 Heus
359 1468 561 1506 proxumus
577 1469 661 1497 sum
679 1461 832 1507 egomet
848 1456 957 1495 mihi.

243 1520 413 1555 Attamen
427 1547 439 1564 ‚
455 1518 518 1556 ubi
538 1518 630 1556 fides
640 1546 650 1562 ,
665 1517 698 1556 si
710 1527 819 1566 roges
828 1545 842 1564 ,

243 1576 302 1614 Nil
322 1577 437 1625 pudet
458 1591 468 1615 :
490 1578 550 1616 hie
563 1607 576 1625 ,
590 1578 654 1616 ubi
666 1581 799 1627 opust,
812 1587 889 1615 non
903 1580 1079 1615 verentur
1094 1587 1104 1612 ι
1119 1574 1196 1614 illie
1211 1575 1276 1613 ubi
1289 1574 1341 1613 nil
1353 1578 1481 1624 opust,

291 1635 342 1673 ibi
362 1641 549 1675 verentur.

243 1694 316 1732 Sed
335 1695 423 1744 quid
437 1707 544 1744 agam
555 1698 575 1734 ἱ)
593 1695 775 1734 adeamne
789 1694 837 1733 ad
852 1705 938 1733 eum
948 1723 958 1739 ‚
981 1697 1120 1732 etcum
1131 1703 1178 1732 eo
1195 1692 1371 1742 injuriam
1388 1692 1484 1731 hane

290 1755 549 1804 expostulem?

244 1816 411 1863 Ingeram
431 1815 529 1852 mala
542 1815 683 1853 multa?
702 1818 821 1863 Atque
841 1813 976 1862 aliquis
989 1812 1088 1850 dicat
1097 1840 1110 1860 ‚
1124 1811 1220 1850 nihil
1239 1811 1479 1861 promoveris-

244 1873 400 1912 Multum
422 1887 431 1912 :
450 1874 630 1912 molestus
648 1878 749 1913 certe
774 1872 809 1911 ei
830 1872 958 1919 fuero3
979 1876 1092 1921 atque
1107 1871 1231 1910 animo
1246 1882 1389 1910 morem
1404 1882 1481 1920 ges-

293 1945 390 1973 sero.

755 2003 975 2032 nummus.

246 2053 405 2092 Charine
418 2081 431 2101 ,
445 2056 483 2091 et
499 2063 560 2091 me
577 2057 616 2092 et
627 2057 664 2092 te
679 2052 915 2103 imprudens,
930 2051 1003 2090 nisi
1014 2050 1105 2101 quid
1117 2051 1158 2090 di
1167 2050 1383 2100 respiciunt,
1399 2060 1483 2102 per*

291 2111 383 2151 didi.

767 2182 962 2210 nummus.

246 2233 346 2271 Itane
358 2229 598 2281 imprudens?
610 2231 775 2271 Tandem
787 2231 970 2271 inventast
979 2241 1103 2269 eausa.
1122 2228 1268 2269 Solvisti
1281 2228 1392 2273 fidem
