1586 2658
245 260 312 296 ¹14
757 266 967 303 ANDRIA.

772 355 952 384 CHREMES.

872 444 875 447 ,
923 406 1055 454 Miror,
1073 407 1172 446 unde
1186 409 1247 447 sit.

287 504 306 507 -⁷
508 480 511 483 >
793 474 929 503 navus.

242 515 390 554 Dictura
407 527 448 556 es
465 519 564 567 quod
583 522 703 568 rogo?

797 591 917 619 xrsrs.

713 640 770 676 Au
786 641 795 676 ἕ

797 710 930 737 nAvus.

802 758 969 796 Concede
984 758 1030 797 ad
1050 759 1253 798 dexteram.

796 827 918 854 arms.

239 869 380 909 Deliras
399 884 409 909 z
429 882 504 910 non
525 875 603 911 tute
623 873 727 922 ipse?

792 945 923 972 nnus.

741 993 904 1031 Verbum
916 1023 928 1041 ,
944 993 995 1032 sis
1005 1022 1015 1038 ,
1030 994 1123 1033 mihi

239 1047 356 1084 Unum
368 1076 380 1094 ,
398 1052 645 1098 praeterquam
662 1050 762 1099 quod
781 1055 817 1090 te
837 1062 928 1101 rogo
939 1081 951 1100 ‚
966 1052 1059 1092 saxis
1076 1064 1177 1094 cave.

235 1105 332 1150 Quin
349 1105 441 1145 dicis
460 1107 595 1147 undest
609 1109 707 1148 clare
718 1110 738 1147 ‘t

792 1181 915 1208 mrsls.

756 1228 849 1266 Male
870 1228 987 1267 dicis?

787 1298 919 1326 nnus.

235 1340 399 1381 Undest‘?
414 1345 493 1382 ch.

788 1415 910 1443 msxs.

542 1463 573 1499 A
591 1461 712 1501 nobis.

784 1534 915 1562 DAVUS.

743 1585 893 1620 Attatae!

232 1636 363 1675 Mirum
382 1648 467 1676 vero
478 1665 487 1681 ,
509 1638 745 1687 impudenter
759 1641 894 1679 mulier
909 1641 940 1679 si
957 1640 1058 1681 facit.

232 1696 423 1734 Meretrix!

759 1770 937 1797 caumes.

438 1813 494 1852 Ab
511 1814 648 1853 Andrla
669 1821 724 1854 est
740 1817 873 1855 ancilla
891 1818 990 1865 haec,
1011 1821 1190 1867 quantum
1207 1817 1394 1868 mtellego,

783 1947 917 1974 nnus,

230 1990 357 2029 Adeon
377 1991 546 2031 videmur
561 1992 664 2031 vobis
682 2003 763 2032 esse
782 1993 928 2042 idonei,

229 2050 268 2088 111
287 2049 422 2099 quibus
438 2051 492 2089 sic
508 2050 684 2090 inludatis
694 2054 713 2088 ‘1

761 2122 938 2150 cunnus.

729 2171 819 2209 Veni
838 2171 876 2209 in
895 2175 1076 2221 tempore.

779 2241 913 2268 nnus.

227 2288 389 2336 Propera
408 2285 504 2325 adeo
524 2297 681 2336 puerum
700 2288 833 2326 tollere
855 2289 942 2327 hinc
959 2288 1006 2327 ab
1017 2289 1135 2337 janua
1149 2300 1165 2330 ε

226 2346 332 2383 Mane
354 2355 469 2384 :cave
488 2355 679 2395 quoquam
698 2357 742 2384 ex
756 2346 849 2385 istoc
864 2346 1021 2386 excessis
1035 2348 1130 2387 loeo.
