1624 2632
361 264 429 301 39⁴
647 263 888 300 HEAUTON
920 262 1317 300 TIMORUMENOS.

888 355 1068 381 cunpuo.

361 402 468 440 Ludis
491 402 646 441 fortasse
670 413 743 441 me.

915 472 1046 500 snus.

762 522 843 569 ipsa
861 530 902 558 re
921 519 1151 568 expemberc.

893 590 1074 617 curipuo.

356 637 414 673 Nm
434 645 508 685 ego
526 636 735 676 fortunatus
755 637 870 676 homo
887 649 982 676 sum.
1003 640 1211 685 nemete,
1229 638 1333 685 Syre.

915 707 1044 735 smus.

361 750 432 789 Sed
449 756 555 800 pater
572 754 775 802 egreditur.
800 757 894 793 Cave
913 754 1112 804 quicquam
1131 754 1336 793 admiratus
1354 764 1418 800 sis,

361 812 439 856 Qua
454 823 564 850 causa
580 812 618 850 id
637 813 700 851 fiat
718 827 727 852 ε
747 813 997 852 obsecundato
1016 814 1053 851 in
1072 813 1181 852 loco:

361 869 467 915 Quod
485 871 683 921 imperabit
703 870 815 910 facito
835 885 844 910 :
866 872 1030 920 loquitor
1049 871 1217 921 paucula.

821 994 1005 1034 SCENA
1042 994 1136 1033 VII.

613 1083 862 1129 CHREMES,
888 1083 1146 1123 cnrrwno,
1173 1082 1344 1118 SYRUS.

891 1179 1070 1207 cunnus.

362 1225 428 1264 Ubi
446 1225 605 1276 Clitipho
624 1231 680 1266 est
696 1229 819 1266 nunc?

916 1296 1047 1324 smus.

824 1346 958 1383 Eccum
978 1354 1053 1387 me,
1071 1342 1197 1392 inque.

892 1412 1076 1440 omnmo.

1213 1461 1344 1498 Eccum
1362 1458 1423 1498 hic
1438 1458 1518 1498 tihi.

891 1530 1072 1557 caumes.

363 1576 458 1624 Quid
474 1578 529 1616 rei
545 1582 656 1626 esset,
670 1577 763 1617 dixti
779 1578 893 1616 huic?

915 1648 1044 1675 snus.

903 1695 982 1733 Dixi
998 1695 1176 1744 pleraque
1197 1693 1334 1733 omnia.

892 1764 1073 1791 caumes.

357 1811 451 1859 Cape
473 1812 545 1851 hoc
563 1817 773 1861 argentum,
790 1823 833 1851 ac
849 1813 967 1850 deser.

915 1881 1044 1909 snus.

997 1931 1024 1967 1.
1042 1928 1139 1974 Quid
1157 1932 1246 1975 stas,
1262 1927 1384 1978 lapis?

355 1985 451 2031 Quin
473 1986 638 2036 accipis?

893 2057 1075 2084 emmeno.

643 2104 742 2143 Cedo
759 2116 861 2144 sane.

909 2155 1037 2202 s'nu's.

873 2224 1034 2271 Sequere
1055 2221 1124 2259 hac
1144 2232 1204 2259 me
1223 2221 1325 2260 ocius
1343 2234 1354 2260 :

356 2279 412 2320 'ru
424 2279 485 2319 hic
501 2290 583 2325 nos,
603 2280 690 2318 dum
709 2281 863 2322 eximus,
885 2282 1022 2336 interezi
1036 2281 1256 2330 ornet-ibere
1277 2296 1288 2319 ·.

353 2341 447 2382 Nam
465 2340 554 2379 nihil
572 2346 642 2389 est,
660 2342 735 2380 illic
754 2343 854 2390 quod
876 2353 1064 2380 moremur
1079 2341 1234 2380 diutius.
