1624 2632
227 247 299 284 314
515 247 758 285 HEAUTON
788 247 1180 286 TIMORUMENOS.

231 326 464 368 Mediocriter
479 327 650 365 vestitam
667 333 768 366 veste
788 327 950 375 lugubri,

238 385 320 432 EJus
339 386 445 423 anuis
459 396 584 431 causa,
606 386 754 435 opinor,
767 397 850 435 quae
863 391 945 424 erat
960 390 1125 432 mortuag

237 443 318 483 sine
335 455 427 482 auro
449 458 459 483 ι
479 450 558 483 tum
578 449 760 487 ornatam,
784 445 835 483 ita
852 445 905 482 uti
924 456 1006 494 quae
1021 448 1200 484 ornantur
1216 443 1312 492 sibt,

234 502 459 541 Nulla‘mala
478 514 518 540 re
538 503 738 552 expolitam
760 503 931 541 muliebri
952 517 960 540 :

228 561 397 617 ‚Capillus
416 573 556 611 passus,
578 562 758 611 prolixus,
776 562 914 600 circum
930 567 1040 611 caput

233 621 409 667 Rejectus
426 621 679 669 neglegenter.
703 623 787 659 Pax.

785 692 919 719 cuttu.
1098 709 1102 712 ,

804 741 893 787 Syre
911 738 977 784 mi,
995 739 1165 788 obsecro,

234 801 287 838 Ne
300 810 360 838 me
379 799 418 838 in
436 798 599 838 laetitiam
622 799 762 837 frustra
776 798 966 846 conjicias.

789 868 918 895 smus.

971 919 1071 953 Anus

236 975 434 1014 Subtemen
451 975 562 1013 nebat
578 988 587 1013 z
602 979 780 1024 praeterea
797 986 871 1012 una
887 974 1061 1012 ancillula

236 1037 324 1072 Erat
336 1048 347 1082 3
364 1045 409 1072 ea
425 1034 572 1072 texebat
591 1044 678 1076 una,
698 1033 829 1082 pannis
850 1033 982 1075 obsita,

236 1093 424 1142 Neglecta,
440 1092 620 1131 inmunda
637 1092 789 1130 inluvie.

766 1161 952 1189 cru-imo.

807 1210 844 1247 Si
862 1210 939 1247 lioec
952 1212 1051 1256 sunt,
1070 1207 1203 1252 Clinia,

238 1273 344 1314 Vera,
362 1271 415 1308 ita
431 1270 485 1308 uti
505 1270 632 1317 credo,
650 1270 735 1319 quis
752 1273 788 1307 te
807 1274 862 1307 est
883 1268 1132 1306 fortunatior?

235 1330 320 1368 Scin
342 1330 450 1376 lianc,
467 1341 578 1379 quam
600 1329 689 1367 dicit
702 1327 932 1366 sordidatam
951 1332 989 1365 et
1007 1326 1223 1364 sordidam?
1359 1362 1362 1367 ,

236 1390 408 1436 Magnum
454 1389 526 1427 hoo
563 1398 712 1437 quoque
759 1387 940 1435 signumst
955 1392 980 1430 ‚2
1012 1385 1202 1423 dominam
1247 1395 1327 1422 esse
1373 1387 1476 1422 extra

284 1448 455 1494 noxiam,

232 1509 356 1552 Quum
378 1507 459 1556 ejus
476 1511 551 1544 tam
570 1507 807 1554 negliguntur
819 1504 1046 1544 internuntii.

237 1569 330 1604 Nam
349 1566 542 1615 disciplina
561 1571 617 1603 est
632 1565 779 1611 iisdem,
795 1564 1026 1603 munerarier

236 1625 396 1664 Ancillas
417 1625 594 1674 primum,
614 1625 661 1662 ad
680 1624 849 1662 dominas
862 1623 926 1671 qui
945 1623 1133 1660 adfectant
1150 1622 1261 1661 viam.

788 1694 922 1720 cmm.

238 1748 368 1792 Perge,
388 1744 540 1782 obsecro
557 1748 618 1781 te:
637 1747 675 1781 et
689 1753 777 1780 cave
797 1753 844 1780 ne
864 1741 995 1779 falsam
1013 1740 1170 1789 gratiam

234 1803 393 1841 Studeas
414 1803 520 1840 inire.
539 1802 634 1847 Quid
654 1802 719 1849 ait,
741 1801 807 1839 uhi
826 1811 885 1839 me
902 1799 1098 1838 nominas?

791 1870 918 1898 SYmis.
1486 1875 1494 1897 ,i

235 1920 305 1958 :Ubi
324 1920 480 1958 dicimus
493 1918 645 1958 rediisse
661 1924 711 1963 te,
729 1923 768 1957 et
783 1929 915 1966 rogare
934 1916 989 1956 uti
1485 1920 1497 1928 “

236 1980 386 2018 Veniret
403 1979 449 2016 ad
467 1984 516 2024 te,
539 1978 681 2016 mulier
692 1978 804 2016 telam
818 1977 957 2016 deserit

233 2038 432 2083 Continuo,
458 2042 495 2075 ct
516 2037 688 2075 lacrumis
706 2037 834 2086 opplet
849 2047 890 2074 os
908 2039 1030 2074 totum
1043 2034 1116 2073 sihi
1131 2046 1145 2075 ε

234 2099 282 2135 Ut
298 2096 403 2135 facile
424 2097 517 2135 scias
533 2096 717 2134 desiderio
737 2095 776 2133 id
795 2094 876 2133 fieri
892 2099 971 2133 tuo.

787 2225 923 2252 cunm.

236 2279 314 2314 Prae
333 2273 482 2322 gaudio,
503 2273 555 2312 ita
572 2284 632 2311 me
651 2273 689 2311 di
709 2278 849 2320 ament,
869 2272 932 2310 ubi
947 2272 1018 2310 sim
1036 2281 1162 2309 neseio
1175 2282 1190 2308 ε

238 2337 289 2374 tta
309 2332 430 2372 timui.
