1624 2632
263 247 334 282 ⁶234
770 248 991 285 HECYRA.

266 328 307 363 Ut
329 337 518 375 nunquam
545 327 664 366 sciens
683 327 913 374 commerui,
933 326 1067 364 merito
1084 329 1124 364 ut
1141 328 1290 375 caperet
1306 324 1432 363 odium
1453 323 1499 363 il-

313 385 385 423 lam
407 386 480 423 mei
503 400 512 424 ε

264 446 387 492 Teque
408 449 492 482 ante
509 444 608 494 quod
629 455 687 483 me
704 455 829 482 amare
849 443 974 491 rebar,
989 444 1024 482 ei
1043 442 1099 481 rei
1115 442 1267 481 firmasti
1286 442 1397 480 fidem
1417 455 1428 480 ε

266 505 359 540 Nam
371 503 420 540 mi
431 504 530 542 intus
541 508 625 541 tuus
635 507 741 553 pater
751 502 911 540 narravit
922 502 1045 545 modo,
1055 512 1130 550 quo
1141 504 1247 550 pacto
1258 511 1318 539 me
1327 500 1500 539 habueris

268 562 502 610 Praepositam
521 562 639 600 amori
656 567 734 600 tuo.
750 564 854 599 Nunc
873 561 941 599 tibi
960 571 1020 598 me
1036 564 1178 599 certum
1197 564 1254 598 est
1267 563 1397 599 contra
1414 570 1499 609 gra-

313 620 402 657 tiam

268 679 428 720 Referre.
451 683 492 716 ut
509 679 606 728 apud
626 690 684 717 me
702 678 897 727 praemium
916 689 996 716 esse
1012 677 1174 727 positum
1194 676 1322 725 pietati
1342 676 1449 714 scias.

269 737 312 773 Mi
324 737 527 786 Pamphile,
543 738 612 775 hoc
624 741 661 775 et
674 736 778 774 vobis
792 741 830 775 et
842 747 934 774 meae
943 735 1180 775 commodum
1198 734 1304 774 famae
1314 734 1475 773 arbitror
1486 747 1498 773 ε

269 799 341 843 Ego
355 807 417 833 rus
429 796 614 834 abituram
630 795 714 834 hinc
729 807 813 833 cum
831 800 893 833 tuo
907 806 967 832 me
980 805 1060 832 esse
1076 799 1178 832 certo
1194 793 1340 832 decrevi
1352 798 1477 841 patre3

268 857 319 891 Ne
332 865 414 892 mea
433 855 625 903 praesentia
643 854 778 897 obstet,
794 865 863 892 neu
884 864 994 891 causa
1012 853 1088 892 ulla
1107 857 1221 891 restet
1239 852 1386 901 reliqua

268 912 362 958 Quin
378 916 441 951 tua
454 913 672 951 Philumena
690 913 736 951 ad
756 918 792 951 te
811 912 953 951 redeat.

264 980 268 991 ⁴
764 982 982 1009 ememtes.

896 1032 1041 1076 Quaeso,
1059 1030 1150 1079 quid
1169 1033 1262 1068 istuc
1276 1029 1405 1069 consili
1419 1031 1501 1068 est?

268 1089 367 1128 Illius
381 1090 536 1128 stultitia
548 1090 654 1134 victa,
677 1101 720 1129 ex
739 1090 829 1128 urbe
842 1094 880 1127 tu
898 1101 961 1127 rus
975 1089 1183 1127 habitatum
1198 1090 1361 1137 migres?

269 1150 371 1187 Haud
385 1150 495 1189 facies
516 1164 525 1189 :
543 1161 663 1200 neque
680 1151 812 1194 sinam,
832 1155 886 1197 ut,
903 1149 966 1199 qui
978 1149 1099 1196 nobis,
1117 1153 1250 1196 mater,
1263 1148 1499 1186 maledictum

315 1208 414 1252 velit,

268 1269 347 1305 Mea
359 1268 562 1316 pertinacia
581 1279 663 1307 esse
678 1267 777 1306 dicat
795 1268 950 1314 factum,
967 1265 1068 1304 haud
1084 1270 1148 1304 tua
1164 1266 1358 1304 modestia.

270 1330 362 1364 Tum
381 1333 464 1366 tuas
479 1328 616 1367 amicas
633 1333 669 1366 te
683 1332 720 1366 et
737 1332 911 1376 cognatas
927 1327 1099 1364 descrere
1117 1329 1156 1364 et
1172 1326 1285 1363 festos
1300 1325 1376 1364 dies

269 1388 348 1424 Mea
360 1397 485 1434 causa,
499 1387 601 1425 nolo.

786 1456 983 1483 sosrmiu.

624 1503 720 1542 Nihil
735 1503 814 1552 jam
835 1503 925 1541 mihi
943 1503 1044 1540 istaec
1055 1512 1116 1540 res
1131 1500 1330 1550 voluptatis
1342 1501 1478 1540 ferunt.

268 1565 362 1600 Dum
374 1562 491 1601 aetatis
503 1567 650 1611 tempus
662 1562 759 1607 tulit,
772 1563 968 1611 perfuncta
981 1560 1071 1599 satis
1079 1571 1160 1599 sum
1173 1561 1305 1598 :satias
1313 1560 1392 1609 jam
1403 1565 1472 1598 ten«
1484 1564 1499 1598 t

269 1621 483 1660 Studiorum
501 1621 656 1659 istorum
673 1634 682 1659 ε
701 1621 778 1659 haec
790 1620 882 1658 mihi
901 1630 999 1658 nunc
1014 1630 1103 1657 cura
1118 1623 1176 1657 est
1197 1628 1381 1664 maxuma,
1400 1623 1441 1656 ut
1455 1629 1500 1657 ne

314 1680 373 1718 cui
394 1691 477 1718 mea

270 1739 528 1788 Longinquitas
545 1738 663 1777 aetatis
679 1738 822 1785 obstet3
843 1741 1046 1775 mortemve
1065 1741 1251 1784 exspectet
1269 1747 1406 1774 meam.

269 1798 332 1836 Hic
349 1798 454 1835 video
471 1809 530 1836 me
549 1809 629 1836 esse
652 1797 807 1835 invisam
829 1795 999 1834 inmerito
1019 1809 1028 1833 :
1045 1800 1192 1844 tempus
1206 1798 1262 1832 est
1283 1794 1498 1832 concedere.

269 1857 326 1894 Sic
341 1862 506 1906 optume.
523 1862 562 1894 ut
577 1868 646 1905 ego
662 1856 807 1905 opinor,
825 1855 942 1893 emnis
954 1865 1084 1893 causas
1098 1853 1292 1902 praecidam
1310 1852 1499 1890 omnibus:

269 1918 311 1953 Et
330 1927 389 1953 me
409 1916 478 1953 hac
498 1916 707 1964 suspicione
728 1915 924 1955 exsolvam,
949 1918 986 1951 et
1003 1913 1077 1950 illis
1098 1923 1238 1949 morem
1260 1922 1419 1959 gessero.

268 1976 352 2012 Sine
369 1985 443 2021 me,
458 1975 627 2020 obsecro,
647 1974 719 2012 hoc
737 1974 915 2022 effugere,
930 1973 1058 2020 volgus
1076 1971 1176 2020 quod
1193 1972 1290 2008 male
1305 1970 1407 2008 audit
1423 1981 1502 2007 mu·

315 2033 461 2072 lierum.

772 2102 993 2130 Pilumnus.

270 2155 385 2197 Quam
406 2153 616 2190 fortunatus
635 2151 768 2190 ceteris
788 2151 857 2188 sim
882 2150 1005 2194 rebus,
1027 2149 1166 2197 absque
1182 2159 1255 2186 una
1273 2147 1343 2185 hac
1359 2147 1468 2191 soret,

272 2214 367 2248 lianc
386 2214 542 2247 matrem
559 2210 700 2247 habens
718 2209 846 2255 talem,
865 2209 970 2245 illam
991 2211 1113 2245 autem
1136 2217 1302 2244 uxorem.

310 2294 333 2318 Ι.
352 2291 427 2318 Trait
439 2290 578 2318 vraiment
590 2290 756 2321 admirable.
771 2289 818 2324 qui
831 2294 888 2317 met
904 2297 939 2316 en
951 2288 1069 2316 lumiere
1089 2288 1115 2315 la
1129 2287 1290 2324 generosius
1298 2287 1334 2314 de
1346 2285 1502 2321 Pamphile,

271 2338 296 2364 {a
311 2332 395 2360 bunne
410 2334 446 2358 de
459 2333 597 2364 sostrata,
617 2332 645 2358 la
657 2333 784 2359 douccur
805 2331 841 2359 de
862 2331 1037 2362 Philumene,
1057 2334 1096 2362 et,
1112 2329 1282 2366 par—dessus
1295 2331 1368 2361 tout,
1381 2328 1408 2355 le
1419 2326 1501 2364 genie
