1586 2658
220 242 275 277 24
739 242 952 279 ANDRIA.

231 324 281 359 lta
297 324 434 360 Davom
451 321 562 361 modo
578 326 710 361 timere
729 325 842 368 sensi,
860 323 920 359 ubi
944 321 1092 369 nuptias

230 381 384 418 Futuras
400 389 481 418 esse
497 379 650 433 audivit.
671 379 742 419 Sed
760 380 840 429 ipse
855 380 930 418 exit
949 381 1060 417 foras.

698 522 885 562 SCENA
913 521 995 562 111.

680 633 816 678 snio,
847 632 1016 668 nnus,

780 745 912 774 nnus.

232 798 402 843 Mirabar,
425 798 495 835 hoc
511 795 543 834 si
558 796 611 835 sie
629 794 764 841 abiret,
784 798 821 832 et
839 793 921 832 heri
939 803 1086 842 semper
1105 792 1237 831 lenitas

234 857 395 894 Verebar
413 865 592 905 quorsum
611 853 785 892 evaderet
807 866 816 890 :
883 844 892 853 ⁸

231 915 302 960 Qui
317 919 511 963 postquam
530 913 699 951 audierat
718 923 792 949 non
810 910 938 948 datum
956 910 1006 948 iri⁴
1023 909 1099 947 filio
1119 919 1270 947 uxorem
1288 919 1370 955 suo,

233 975 441 1022 Numquam
449 973 621 1020 cuiquam
634 974 800 1008 nostrum
813 969 965 1006 verbum
976 967 1076 1014 [ecit.
1087 977 1206 1016 neque
1215 967 1252 1004 id
1262 978 1356 1016 aegre
1366 967 1450 1005 tulit

799 1039 898 1065 snio.

176 1120 182 1125 .
234 1094 281 1128 At
297 1101 393 1128 nunc
407 1089 519 1127 faciet
530 1102 540 1135 ;
558 1098 694 1136 neque,
712 1091 752 1124 ut
769 1086 919 1134 opinor,
937 1085 1017 1123 sine
1036 1090 1100 1123 tuo
1120 1094 1256 1132 magno
1272 1083 1384 1121 malo.

782 1215 915 1242 nnus.

234 1267 274 1305 ld
290 1266 418 1313 voluit,
433 1276 502 1303 nos
519 1265 572 1303 sic
586 1274 655 1302 nec
671 1263 866 1318 opinantes
884 1262 968 1300 duci
990 1261 1084 1300 falso
1103 1261 1253 1310 gaudio,

235 1328 443 1374 sperantes,
459 1325 538 1380 jam
558 1327 682 1360 amoto
699 1327 816 1368 metu,
832 1321 975 1359 interea
993 1320 1191 1358 oscitantes
1209 1320 1385 1368 opprimi,

218 1388 285 1422 'Ne
303 1388 401 1422 esset
418 1383 579 1432 spatium
596 1380 782 1438 cogitandi
802 1380 848 1417 ad
865 1377 1124 1417 disturbandas
1139 1378 1298 1428 nuptias.

234 1446 382 1483 Astutel

797 1569 894 1596 smo.

400 1620 581 1659 Carnufex
598 1630 680 1668 quae
701 1617 890 1666 loquitur?

780 1686 913 1713 nnus.

883 1735 1075 1780 Herusest‚
1083 1743 1205 1783 neque
1214 1733 1461 1782 provideram.

797 1804 894 1830 snio.
1457 1803 1460 1805 ·

233 1860 342 1896 Dave.

779 1920 912 1949 nnus.

303 1976 408 2020 Hem,
425 1972 515 2022 quid
535 1973 616 2027 est?

797 2037 897 2065 suto.

549 2082 719 2127 Ehodun'i
740 2086 788 2124 ad
803 2087 885 2124 me!

709 2177 716 2184 .
779 2154 912 2183 uuus.

794 2202 890 2265 Quid
905 2202 966 2241 hic
984 2202 1087 2242 volt?

225 2356 232 2366 .
248 2358 251 2364 2
267 2336 287 2363 ι.
311 2335 404 2369 voyez
421 2339 477 2361 uno
489 2331 631 2359 henr-eune
643 2327 836 2365 appreciatum
845 2326 885 2355 du
890 2325 956 2355 rue
966 2325 1003 2355 de
1015 2328 1092 2355 Dave
1101 2335 1156 2363 pu·
1166 2327 1204 2358 Π.
1217 2326 1342 2368 Nande?
1353 2329 1451 2364 nega
