1624 2632
255 188 325 224 340
541 183 782 220 HEAUTON
812 181 1203 219 TtMORUMENOS.

256 269 310 304 Tu
330 275 408 303 rem
426 264 564 313 perire,
582 268 621 301 et
640 263 759 312 ipsum
780 274 853 301 non
873 262 1010 311 poteris
1029 262 1119 310 pati.

258 327 351 363 Dare
370 322 562 371 denegaris
585 335 594 360 ε
617 322 683 359 ibit
703 322 750 359 ad
770 321 860 359 iliud
881 320 996 366 illico,

257 386 338 430 Quo
357 392 528 433 maxume
549 381 648 430 apud
674 386 710 419 te
729 391 768 419 se
783 380 905 418 vaiere
923 379 1072 426 sentiet,

260 442 456 481 Abiturum
474 451 512 479 se
530 440 595 478 abs
614 444 657 478 te
669 450 750 478 esse
767 440 864 477 illico
881 438 1125 476 minitabitur.

327 504 346 508 ‘⁴
766 509 996 536 nannenus.

261 560 392 599 Videre
411 570 555 607 verum,
576 563 686 607 atquo
707 558 758 596 ita
778 557 831 595 uti
853 568 911 595 res
925 562 996 604 est,
1010 556 1149 595 dicere.

789 627 968 655 cunnus.

258 681 438 717 Somnum
457 677 580 715 hercle
599 687 669 725 ego
685 676 756 714 hac
772 681 880 714 nocte
901 674 1018 714 oculis
1036 685 1111 713 non
1129 673 1204 712 vidi
1223 683 1327 718 meis,

260 740 353 775 Dum
370 737 407 775 id
423 747 563 786 quaero,
582 735 648 774 tibi
667 735 731 785 qui
748 735 864 773 filium
885 734 1130 772 restituerem.

763 796 995 843 nznnnssur's.
1334 835 1336 837 ¹

259 856 358 895 Cedo
377 856 542 894 dextram
564 865 702 904 :porro
722 858 758 892 te
775 853 874 892 idem
891 864 958 891 oro
978 858 1019 891 ut
1038 853 1165 901 facias,
1184 852 1356 891 Chreme.

788 923 967 950 cunnus.

261 979 413 1014 Paratus
436 985 531 1013 sum.

273 1055 276 1057 -
759 1042 992 1070 mammenus.

545 1091 629 1131 Scin
648 1090 739 1140 quid
754 1102 852 1129 nunc
871 1090 991 1129 faeere
1005 1095 1044 1129 te
1057 1090 1171 1129 volo?

789 1160 967 1189 cunnus.
1183 1142 1188 1146 ⁴

262 1210 336 1250 Dic.

766 1279 994 1306 MENEDEMUS.

356 1327 462 1373 Quod
477 1326 624 1366 sensisti
639 1326 723 1365 illos
743 1337 802 1365 me
820 1327 979 1375 incipere
997 1326 1141 1375 fallere,

262 1386 301 1424 ld
321 1390 362 1424 ut
377 1386 561 1424 maturent
583 1386 704 1424 facere
728 1399 737 1424 ε
755 1385 863 1433 cupio
883 1386 938 1423 ilii
956 1385 1060 1429 dare,

196 1464 198 1466 v
261 1446 367 1492 Quod
385 1446 460 1485 volt
470 1460 482 1494 ;
502 1445 611 1495 cupio
626 1446 746 1495 ipsum
759 1446 838 1494 jam
857 1445 996 1484 videre.

391 1523 393 1525 ·
790 1515 968 1543 cunnus.

1020 1564 1178 1612 Operam
1193 1562 1304 1602 daho.

264 1623 417 1662 Paulum
431 1623 504 1662 hoc
515 1623 638 1672 negoti
657 1622 708 1661 mi
726 1622 848 1661 obstat
868 1635 878 1660 :
896 1622 1017 1660 Simus
1034 1626 1073 1659 et
1091 1623 1189 1660 Crito

264 1683 379 1722 Vicini
400 1681 516 1721 nostri
529 1682 593 1720 -hic
608 1681 798 1730 ambigunt
812 1681 860 1719 de
877 1680 1011 1719 finibus
1030 1694 1039 1718 :

210 1746 213 1749 ⁴
262 1745 318 1780 Me
333 1751 465 1791 cepere
484 1740 667 1779 arbitrum
684 1754 694 1779 ε
712 1740 773 1778 ibo
793 1751 837 1779 ac
855 1739 989 1784 dicam,
1009 1745 1050 1777 ut
1069 1739 1236 1777 dixeram

262 1802 420 1850 Operam
436 1800 611 1838 daturum
628 1810 703 1848 me,
721 1799 834 1838 hodie
849 1810 924 1838 non
942 1809 1049 1848 posse
1066 1797 1112 1837 iis
1128 1798 1235 1838 dare.

262 1859 442 1898 Continuo
456 1859 519 1898 hie
528 1859 672 1898 adsum.
737 1895 739 1898 .
918 1889 922 1898 .

266 1935 267 1938 ¹
763 1928 994 1956 unnnnssuus.
1068 1946 1071 1948 μ

380 2004 381 2007 ¹
685 1979 740 2016 lta
757 1987 894 2026 quaeso.
913 1976 956 2014 Di
974 1979 1133 2015 vostram
1153 1974 1287 2013 tidem!

262 2037 580 2084 tta-comparatam
594 2046 675 2074 esse
692 2036 889 2074 hominum
906 2039 1077 2075 naturam
1095 2034 1278 2081 omnium,

260 2095 390 2133 Aliena
409 2098 450 2132 ut
467 2094 600 2133 melius
617 2094 766 2133 videant
783 2100 821 2133 et
839 2094 1057 2143 dijudicent.

262 2156 378 2199 Quam
391 2156 485 2192 sua?
497 2157 551 2191 An
568 2164 613 2192 eo
632 2154 687 2201 fit,
705 2154 792 2204 quia
810 2152 847 2192 in
866 2165 908 2192 re
926 2159 1052 2192 nostra
1070 2158 1135 2192 aut
1153 2153 1289 2202 gaudio

264 2217 394 2255 Sumus
414 2214 606 2264 praepediti
621 2215 736 2253 nimio
759 2221 824 2254 aut
839 2215 1083 2264 aegritudine?

263 2274 325 2314 Hic
342 2274 434 2313 mihi
446 2284 543 2313 nunc
562 2278 702 2323 quanto
719 2275 803 2323 plus
821 2276 928 2324 sapit,
948 2285 1059 2324 quam
1075 2277 1223 2323 egomet
1236 2271 1327 2310 mihi
1338 2272 1359 2309 ‘i
