1586 2658
198 201 267 240 ⁴24
712 207 921 245 ANDRlA.

751 299 874 327 cni-ro.

361 346 415 382 An
431 344 598 383 nondum
618 345 730 385 etiam
743 349 761 383 ‘l
779 348 883 385 Haud
902 348 1090 398 auspicato
1108 349 1182 387 huc
1198 360 1257 387 me
1272 349 1400 398 adpuli
1418 363 1431 390 ε

194 404 284 439 Nam
301 402 379 450 polf
405 402 436 440 si
458 403 496 441 id
515 404 684 452 scissem,
707 416 910 455 numquam
929 407 1005 446 huc
1022 407 1226 446 tetulissem
1244 408 1406 457 pedem:

193 463 347 511 Semper
358 473 456 500 enim
475 462 572 502 dicta
589 468 645 502 est
655 465 737 512 ejus
757 465 837 503 haec
856 470 968 515 atque
986 466 1114 505 habita
1130 471 1186 506 est
1201 479 1335 507 soror:

193 521 281 564 Quae
299 519 399 558 illius
417 521 591 570 fuerunt,
610 523 775 572 possidet
794 538 804 562 ε
824 535 1000 574 ῃυηοωε
1018 525 1205 574 hospitem

192 579 290 616 Lites
304 579 429 628 sequi,
449 591 561 629 quam
581 581 642 620 hio
656 582 747 626 mihi
764 583 813 620 sit
827 583 935 621 facile
956 588 1067 633 atque
1088 584 1199 632 utile,

192 636 360 675 Aliorum
378 639 548 688 exempla
566 646 806 679 commonent
823 655 833 679 :
854 641 965 680 simul
986 642 1169 691 arbitror,

191 698 270 734 Jam
287 696 449 745 aliquem
465 708 546 736 esse
562 699 722 737 amicum
743 705 780 738 et
799 700 1033 739 defensorem
1051 702 1086 739 ei
1109 715 1118 740 :
1142 713 1228 740 nam
1247 701 1326 740 fere

190 754 456 794 Grandiuscula
471 757 550 804 Jam
565 758 766 805 prosectast
785 759 898 797 illine.
917 760 1113 798 Clamitent

190 815 247 852 Me
262 815 549 864 sycophantam,
571 817 797 856 hereditates
814 829 1009 867 persequi,

191 872 417 922 Mendicum3
439 878 516 912 tum
538 875 656 923 ipsam
674 876 885 925 despoliare
904 889 979 916 non
998 878 1098 917 licet.

189 1048 220 1085 Ο
233 1052 384 1097 optume
402 1050 559 1100 hospes,
577 1051 640 1100 pol
656 1005 970 1102 Critglzyusiltsiouum
989 1054 1145 1094 obtines.

748 1182 866 1209 cmi-o.

189 1226 264 1262 Duo
281 1236 340 1264 me
353 1226 400 1264 ad
420 1237 504 1265 eam
522 1240 533 1265 ε
554 1228 704 1277 quando
726 1229 800 1268 hue
816 1230 898 1268 veni
911 1260 921 1276 ‚
942 1234 982 1270 ut
1000 1230 1159 1271 videam.

745 1359 864 1386 HYSIS.

1171 1412 1352 1450 Maxume.

739 1477 871 1504 navus.
1166 1508 1167 1511 ,

188 1519 328 1567 Sequar
348 1520 417 1559 hos
440 1535 449 1560 :
469 1522 556 1560 nolo
571 1522 685 1561 mein
702 1527 872 1573 tempore
888 1525 959 1563 hoc
976 1525 1100 1564 videat
1117 1538 1240 1566 senex.

653 1831 862 1880 ACTUS
902 1833 957 1881 V.

681 1978 860 2018 SCENA
887 1980 929 2041 ,I‘

601 2074 848 2117 CHREMES,
877 2077 1017 2111 SILIO.⁴

716 2184 838 2213 cunam
884 2202 894 2212 .

188 2229 281 2269 Satis
296 2229 390 2278 jam,
409 2229 511 2277 satis,
532 2230 647 2279 Simo,
665 2237 830 2282 spectata
841 2185 933 2282 τεῇ-53
951 2237 988 2273 te
1007 2234 1202 2275 amicitiast
1222 2248 1304 2277 mea
1320 2251 1334 2279 ε

186 2289 279 2328 Satis
295 2289 422 2339 pericli
441 2289 536 2340 eoepi
554 2290 657 2329 adire
677 2305 686 2330 :
708 2292 839 2331 orandi
858 2292 938 2342 jam
957 2294 1071 2333 finem
1089 2295 1183 2334 face.
