1624 2632
294 224 363 260 396
579 220 821 258 HEAUTON
853 218 1244 259 TlMORUMENOS.

823 311 1002 338 caumes.

295 363 410 402 Minas
427 361 578 411 quidem
594 371 674 410 Jam
692 359 818 398 decem
841 359 953 397 habet
971 369 993 396 a
1010 368 1069 396 me
1090 357 1182 406 filia,

296 425 394 469 Quas
410 431 477 470 pro
495 418 682 458 alimentis
702 428 782 457 esse
796 428 892 456 nunc
911 418 1008 455 duco
1021 416 1145 464 datas3

297 484 408 520 Hasce
427 479 655 519 ornamentis
669 482 942 527 consequentur
960 477 1105 524 alterae3

297 544 410 580 Porro
426 540 505 579 haec
523 539 662 578 talenta
680 537 778 576 dotis
790 538 966 586 adposcet
983 537 1071 574 cluo.

297 602 415 646 Quam
435 598 552 637 multa
565 597 702 647 injusta
719 608 762 635 ac
782 607 896 646 prava
916 596 1009 634 fiunt
1025 594 1209 634 moribus!

298 658 386 697 Mihi
405 668 515 702 nunc,
536 655 672 695 relictis
688 655 815 703 rebus,
835 654 1081 693 inveniundus
1098 658 1157 693 est

298 717 454 766 Aliquis,
467 715 594 755 labore
616 715 763 754 inventa
781 725 863 752 mea
882 714 942 752 cui
961 714 1047 752 dem
1067 712 1179 751 bona.

745 824 927 864 SCENA
956 823 1077 862 VIII.

619 922 941 961 MENEDEMUS,
968 920 1211 955 CHREMES.

802 1020 1029 1048 annuamus.

300 1072 414 1111 Multo
428 1069 592 1109 omnium
612 1080 672 1108 me
686 1079 785 1107 nunc
803 1068 1136 1107 fortunatissimum

300 1133 450 1169 Factum
469 1134 558 1178 puto
573 1139 666 1172 esse,
689 1133 812 1177 gnate,
829 1137 945 1176 quum
964 1131 1001 1165 te
1017 1126 1192 1175 intellego

301 1189 498 1238 Resipisse.

827 1254 1008 1282 caumes.

515 1307 560 1344 Ut
573 1309 684 1343 errat.

802 1373 1032 1400 mantuanus.

702 1424 752 1459 Te
766 1421 884 1469 ipsum
899 1421 1131 1469 quaerebamff
1146 1420 1303 1459 Chreme
1320 1434 1330 1460 ε

303 1485 428 1529 Serva,
447 1480 548 1531 quod
568 1480 606 1518 in
625 1484 660 1518 te
677 1485 744 1525 est,
765 1479 881 1517 filium
900 1484 938 1517 et
956 1490 1015 1517 me
1030 1484 1068 1518 et
1086 1479 1279 1518 familiam.

835 1549 1013 1576 cunnus.

304 1600 403 1639 Cedo
422 1599 512 1648 quid
526 1597 578 1636 vis
590 1597 721 1636 faciam
731 1599 749 1634 ‘?

807 1667 1039 1694 uunnnssuus.

770 1715 942 1760 Invenisti
963 1715 1075 1753 hodie
1097 1714 1216 1753 liliam

831 1785 1002 1812 cumas.

305 1834 400 1881 Quid
419 1838 499 1873 tum
509 1836 528 1872 ⁴?

805 1903 1036 1931 annuimus.

540 1954 638 1990 Hanc
651 1951 721 1989 sibi
734 1963 885 1990 uxorem
906 1953 987 1990 dari
1006 1952 1080 1990 volt
1097 1952 1225 1991 Clinia.

831 2022 1007 2050 canamus.

307 2073 450 2118 Quaeso,
474 2070 564 2120 quid
582 2074 621 2109 tu
637 2070 798 2109 hominis
813 2072 879 2108 es?

806 2140 1036 2168 nannenus.

869 2189 965 2235 Quid
981 2190 1067 2227 est?

343 2319 370 2348 ¹.
388 2318 509 2347 Environ
523 2317 594 2347 trois
604 2318 684 2346 cents
695 2316 799 2345 francs.
