1624 2632
215 163 285 199 212
728 161 947 199 HECYRA.

215 242 377 278 Advorsa
395 251 477 288 ejus
495 251 562 289 per
581 244 616 279 te
633 244 728 279 tecla
749 240 933 290 tacitaque
958 239 1057 288 apud
1075 240 1197 278 omnis
1214 241 1323 280 sient.

216 299 252 336 Si
272 310 446 348 umquam
471 310 558 347 erga
579 303 614 338 te
632 299 757 338 animo
774 309 855 337 esse
874 298 994 337 amico
1017 299 1129 337 sensti
1147 310 1251 346 eam,
1275 300 1326 337 mi
1350 303 1453 338 Pam·

265 357 377 407 phile,

216 416 300 455 Sine
319 417 446 455 labore
463 417 557 455 hane
576 414 732 466 gratiam
752 421 787 454 te
805 421 847 455 ut
865 416 935 455 sibi
956 416 1021 454 des
1040 427 1106 464 pro
1121 416 1200 463 illa,
1221 427 1318 454 nunc
1332 421 1449 464 rogat.

216 476 388 513 ceterum
407 476 454 514 de
474 475 684 514 reducenda
699 475 737 513 id
756 475 884 523 facias,
903 475 1002 524 quod
1021 475 1058 512 in
1076 485 1155 513 rem
1175 474 1223 513 sit
1240 478 1357 512 tuam.

217 534 402 573 Parturire
420 546 518 582 eam,
537 546 658 584 neque
678 534 866 583 gravidam
886 545 967 573 esse
987 545 1031 572 ex
1046 539 1098 581 te,
1116 534 1217 572 solus
1234 533 1415 572 conscius.

218 594 310 631 Nam
326 595 428 632 aiunt
448 599 570 632 tecum
586 598 670 643 post
687 593 834 631 duobus
852 593 1095 632 concubuisse
1119 592 1324 631 mensibus.

218 655 322 697 Tum,
351 657 546 702 postquam
572 652 618 690 ad
639 657 675 690 te
698 653 808 700 venit,
836 652 975 690 mensis
1002 652 1122 700 agitur
1153 651 1214 690 hie
1236 651 1317 701 jam
1343 650 1454 700 septi-

267 723 370 750 mus:

216 771 324 817 Quod
342 775 378 809 te
397 771 505 819 scire,
524 771 604 820 ipsa
626 771 762 809 indicat
781 782 854 808 res.
874 774 976 809 Nune
995 766 1025 808 si
1044 770 1139 819 potis
1155 774 1225 817 est,
1249 768 1454 818 Pamphile,

218 832 384 868 Maxume
401 830 483 868 volo
502 830 625 878 doque
643 841 812 879 operam,
827 834 868 867 ut
881 829 979 867 clam
995 829 1139 867 eveniat
1156 833 1283 878 partus
1296 832 1455 876 patrem,

218 893 337 937 Atque
353 889 446 927 adeo
462 889 593 927 omnis.
612 888 684 926 Sed
703 888 734 926 si
749 888 828 926 lieri
845 889 883 926 id
900 899 973 926 non
991 892 1112 936 potest
1126 888 1216 936 quin
1231 887 1409 932 sentiant,

219 947 342 985 Dicam
362 948 532 986 abortum
555 958 633 985 esse
655 960 665 985 z
687 947 763 985 scio
787 946 926 984 nemini
948 946 1057 984 aliter
1079 950 1292 995 suspectum
1311 945 1407 991 sore,

216 1006 327 1052 Quin,
345 1006 446 1055 quod
460 1005 657 1044 verisimile
673 1010 743 1053 est,
761 1016 804 1043 ex
825 1009 868 1043 te·
881 1008 979 1043 recte
999 1015 1085 1042 eum
1104 1009 1233 1042 natum
1252 1007 1395 1053 putent.

216 1065 400 1104 Continuo
428 1071 632 1114 exponetur
656 1077 666 1102 z
690 1065 750 1103 hic
781 1064 847 1102 tibi
876 1063 969 1102 nihil
999 1068 1056 1102 est
1087 1063 1284 1113 quiequam
1318 1064 1457 1102 incom-

268 1124 392 1163 modi:

219 1186 263 1221 Et
282 1183 336 1220 illi
354 1183 486 1221 misere
502 1183 650 1232 indigne
670 1183 806 1221 factam
828 1182 1003 1231 injuriam
1021 1181 1241 1220 contexeris.

220 1241 410 1280 Pollicitus
428 1253 534 1289 sum3
552 1248 590 1280 et
604 1252 751 1280 servare
772 1242 809 1279 in
829 1252 884 1280 eo·
893 1244 1084 1284 certumst,
1102 1240 1204 1289 quod
1220 1240 1311 1288 dixi,
1330 1239 1454 1278 fidem.

220 1304 312 1338 Nam
334 1301 380 1338 de
404 1300 627 1347 reducenda,
650 1300 687 1338 id
715 1311 802 1339 vero
829 1300 1046 1347 neutiquam
1062 1299 1260 1338 honestum
1287 1309 1369 1337 esse
1395 1310 1455 1336 ar-

267 1361 386 1398 bitror
404 1373 413 1398 :

219 1422 294 1458 Nec
309 1419 442 1457 faciam
455 1433 465 1458 ε
481 1419 550 1457 etsi
566 1430 672 1457 amor
684 1430 744 1457 me
760 1419 918 1467 graviter
930 1418 1231 1467 consuetudoque
1246 1417 1328 1466 ejus
1339 1421 1453 1454 tenet.

219 1482 411 1524 Lacrumo‚
434 1490 517 1527 quae
531 1479 685 1528 posthae
704 1478 862 1516 futurast
883 1478 955 1516 vita
967 1489 1082 1528 quum
1102 1478 1140 1515 in
1157 1480 1319 1515 mentem
1336 1477 1433 1514 venit

220 1538 476 1587 Solitudoque.
491 1539 520 1576 Ο
542 1537 702 1579 fortuna,
725 1542 765 1575 ut
785 1548 989 1586 numquam
1008 1541 1190 1586 perpetuo
1204 1546 1244 1574 es
1263 1535 1373 1574 bona.

219 1597 293 1635 Sed
309 1597 388 1645 jam
408 1597 510 1645 prior
529 1606 634 1634 amor
653 1607 712 1634 me
733 1595 779 1632 ad
805 1596 899 1633 hanc
917 1607 994 1633 rem
1016 1595 1253 1634 exercitatum
1279 1593 1452 1632 reddidit.

220 1657 340 1702 Quem
354 1666 427 1704 ‚ego
446 1660 524 1693 tum
543 1666 619 1704 quo
638 1654 793 1692 consilio
812 1654 966 1692 missum
983 1653 1066 1702 feci,
1092 1654 1182 1692 item
1199 1653 1285 1692 huic
1303 1663 1455 1702 operam

269 1715 381 1753 dabo.
1246 1715 1249 1717 “

221 1775 333 1812 Adest
351 1776 531 1813 Parmeno
549 1784 635 1812 cum
651 1773 776 1822 pueris
795 1786 804 1811 :
822 1773 920 1811 hune
939 1772 1125 1811 minimest
1142 1783 1235 1822 opus

222 1835 261 1871 ln
280 1833 349 1871 hac
366 1844 407 1872 re
424 1832 552 1871 adesse
571 1846 581 1871 ε
601 1843 688 1870 nam
707 1832 796 1869 olim
815 1832 884 1870 soli
899 1832 1055 1879 credidi,

222 1894 274 1929 Ea
293 1901 353 1929 me
371 1891 597 1930 abstinuisse·
612 1891 648 1928 in
667 1890 862 1940 principio,
883 1901 997 1939 quum
1013 1891 1100 1928 data
1116 1895 1200 1929 est:

222 1953 375 1995 Vereor,
393 1950 424 1988 si
442 1950 645 1989 clamorem
665 1949 824 1999 eJ'ushie
843 1949 973 1988 crebro
992 1950 1131 1997 audiat,

222 2013 275 2048 Ne
293 2010 478 2059 parturire
497 2009 699 2058 intellegat.
718 2009 852 2057 Aliquo
869 2008 962 2046 mihi
976 2014 1033 2047 est

223 2069 313 2107 Hinc
330 2068 569 2117 ablegandus,
588 2069 677 2106 dum
695 2068 791 2116 parit
810 2067 1040 2106 Philumena.

261 2172 285 2199 1.
296 2182 312 2196 α
320 2172 356 2199 Ce
365 2170 545 2207 monologue‚
557 2170 665 2207 malgre
677 2179 710 2200 sa
721 2171 871 2207 longueur,
883 2170 955 2198 n'esl
966 2177 1018 2206 pu
1028 2176 1189 2204 ennuyeux,
1200 2177 1286 2206 par-ee
1295 2167 1363 2204 qu’il
1372 2171 1415 2195 est
1428 2167 1454 2194 le

224 2215 463 2240 commencement
470 2212 506 2239 de
519 2211 672 2249 vinu-igue.
686 2211 710 2239 ll
721 2211 862 2248 s'agissait
870 2210 1003 2248 jusqu’ici
1012 2210 1047 2237 de
1058 2210 1151 2238 savon-
1163 2210 1187 2237 si
1201 2218 1237 2238 on
1250 2209 1454 2238 reeonciliersit

227 2260 264 2280 ou
280 2261 336 2281 non
348 2253 377 2290 la
392 2252 560 2281 belle-mere
577 2255 607 2280 et
626 2260 657 2280 sa
672 2253 738 2282 bru.
762 2251 831 2281 Mais
846 2252 881 2281 ici
903 2252 930 2280 le
947 2255 1109 2288 spectateur
1123 2259 1283 2279 commenee
1296 2252 1313 2278 a
1324 2251 1384 2279 ets-e
1401 2249 1455 2278 πώ
