<?xml version="1.0" encoding="UTF-8"?>
<!DOCTYPE html PUBLIC "-//W3C//DTD XHTML 1.0 Transitional//EN"
    "http://www.w3.org/TR/xhtml1/DTD/xhtml1-transitional.dtd">
<html xmlns="http://www.w3.org/1999/xhtml" xml:lang="en" lang="en">
 <head>
  <title>
</title>
<meta http-equiv="Content-Type" content="text/html;charset=utf-8" />
  <meta name='ocr-system' content='tesseract 3.04.00' />
  <meta name='ocr-capabilities' content='ocr_page ocr_carea ocr_par ocr_line ocrx_word'/>
</head>
<body>
  <div class='ocr_page' id='page_1' title='image "./comdiesdetre01tereuoft_0182.png"; bbox 0 0 1586 2658; ppageno 0'>
   <div class='ocr_carea' id='block_1_1' title="bbox 236 204 962 263">
    <p class='ocr_par' dir='ltr' id='par_1_1' title="bbox 236 204 962 263">
     <span class='ocr_line' id='line_1_1' title="bbox 236 204 962 263; baseline 0.003 -4"><span class='ocrx_word' id='word_1_1' title='bbox 236 226 302 259; x_wconf 70' lang='lat'><strong>120</strong></span> <span class='ocrx_word' id='word_1_2' title='bbox 745 204 962 263; x_wconf 65' lang='lat' dir='ltr'>ANnmA.</span> 
     </span>
    </p>
   </div>
   <div class='ocr_carea' id='block_1_2' title="bbox 236 318 1343 1000">
    <p class='ocr_par' dir='ltr' id='par_1_2' title="bbox 450 318 940 462">
     <span class='ocr_line' id='line_1_2' title="bbox 759 318 940 346; baseline 0 0"><span class='ocrx_word' id='word_1_3' title='bbox 759 318 940 346; x_wconf 69' lang='lat' dir='ltr'><strong>cunnum.</strong></span> 
     </span>
     <span class='ocr_line' id='line_1_3' title="bbox 450 365 833 416; baseline -0.005 -10"><span class='ocrx_word' id='word_1_4' title='bbox 450 365 580 406; x_wconf 77' lang='lat' dir='ltr'>Audivi</span> <span class='ocrx_word' id='word_1_5' title='bbox 594 366 673 416; x_wconf 82' lang='lat' dir='ltr'><strong>jam</strong></span> <span class='ocrx_word' id='word_1_6' title='bbox 693 366 833 406; x_wconf 84' lang='lat' dir='ltr'>omnia.</span> 
     </span>
     <span class='ocr_line' id='line_1_4' title="bbox 787 434 922 462; baseline -0.015 -1"><span class='ocrx_word' id='word_1_7' title='bbox 787 434 922 462; x_wconf 69' lang='lat' dir='ltr'><strong>nnus.</strong></span> 
     </span>
    </p>

    <p class='ocr_par' dir='ltr' id='par_1_3' title="bbox 841 479 1189 521">
     <span class='ocr_line' id='line_1_5' title="bbox 841 479 1189 521; baseline 0.006 -2"><span class='ocrx_word' id='word_1_8' title='bbox 841 481 895 519; x_wconf 77' lang='lat' dir='ltr'><strong>Ah</strong></span> <span class='ocrx_word' id='word_1_9' title='bbox 917 492 974 519; x_wconf 81' lang='lat' dir='ltr'><strong>nae</strong></span> <span class='ocrx_word' id='word_1_10' title='bbox 987 485 1025 519; x_wconf 89' lang='lat' dir='ltr'><strong>tu</strong></span> <span class='ocrx_word' id='word_1_11' title='bbox 1047 479 1189 521; x_wconf 75' lang='lat' dir='ltr'>omnia!</span> 
     </span>
    </p>

    <p class='ocr_par' dir='ltr' id='par_1_4' title="bbox 236 551 945 696">
     <span class='ocr_line' id='line_1_6' title="bbox 765 551 945 579; baseline -0.011 0"><span class='ocrx_word' id='word_1_12' title='bbox 765 551 945 579; x_wconf 68' lang='lat' dir='ltr'><strong>canemus.</strong></span> 
     </span>
     <span class='ocr_line' id='line_1_7' title="bbox 236 598 827 650; baseline -0.007 -10"><span class='ocrx_word' id='word_1_13' title='bbox 236 599 387 648; x_wconf 84' lang='lat' dir='ltr'>Audivi,</span> <span class='ocrx_word' id='word_1_14' title='bbox 405 611 557 650; x_wconf 84' lang='lat' dir='ltr'>mquam</span> <span class='ocrx_word' id='word_1_15' title='bbox 567 629 580 647; x_wconf 89' lang='lat'><strong><em>,</em></strong></span> <span class='ocrx_word' id='word_1_16' title='bbox 592 610 615 638; x_wconf 86' lang='lat' dir='ltr'>a</span> <span class='ocrx_word' id='word_1_17' title='bbox 631 598 827 649; x_wconf 83' lang='lat' dir='ltr'>principio.</span> 
     </span>
     <span class='ocr_line' id='line_1_8' title="bbox 789 668 923 696; baseline 0 0"><span class='ocrx_word' id='word_1_18' title='bbox 789 668 923 696; x_wconf 72' lang='lat' dir='ltr'>uuus.</span> 
     </span>
    </p>

    <p class='ocr_par' dir='ltr' id='par_1_5' title="bbox 238 715 1343 874">
     <span class='ocr_line' id='line_1_9' title="bbox 854 715 1343 763; baseline 0.008 -10"><span class='ocrx_word' id='word_1_19' title='bbox 854 715 1023 754; x_wconf 81' lang='lat' dir='ltr'>Audistin</span> <span class='ocrx_word' id='word_1_20' title='bbox 1034 744 1048 763; x_wconf 95' lang='lat'><strong><em>,</em></strong></span> <span class='ocrx_word' id='word_1_21' title='bbox 1065 715 1234 756; x_wconf 86' lang='lat' dir='ltr'><strong>obsecro.</strong></span> <span class='ocrx_word' id='word_1_22' title='bbox 1252 719 1343 757; x_wconf 79' lang='lat' dir='ltr'><strong>Hem</strong></span> 
     </span>
     <span class='ocr_line' id='line_1_10' title="bbox 238 773 1296 826; baseline -0.001 -11"><span class='ocrx_word' id='word_1_23' title='bbox 238 776 404 816; x_wconf 79' lang='lat' dir='ltr'><strong>scelera!</strong></span> <span class='ocrx_word' id='word_1_24' title='bbox 422 778 522 815; x_wconf 81' lang='lat' dir='ltr'>Hanc</span> <span class='ocrx_word' id='word_1_25' title='bbox 532 776 611 825; x_wconf 85' lang='lat' dir='ltr'><strong>jam</strong></span> <span class='ocrx_word' id='word_1_26' title='bbox 632 779 779 825; x_wconf 86' lang='lat' dir='ltr'>oportet</span> <span class='ocrx_word' id='word_1_27' title='bbox 791 775 829 813; x_wconf 91' lang='lat' dir='ltr'><strong>in</strong></span> <span class='ocrx_word' id='word_1_28' title='bbox 845 773 1050 814; x_wconf 87' lang='lat' dir='ltr'>cruciatum</span> <span class='ocrx_word' id='word_1_29' title='bbox 1063 774 1151 813; x_wconf 82' lang='lat' dir='ltr'><strong>hinc</strong></span> <span class='ocrx_word' id='word_1_30' title='bbox 1162 775 1296 826; x_wconf 87' lang='lat' dir='ltr'>abripi.</span> 
     </span>
     <span class='ocr_line' id='line_1_11' title="bbox 238 833 1086 874; baseline -0.001 -1"><span class='ocrx_word' id='word_1_31' title='bbox 238 836 302 873; x_wconf 86' lang='lat' dir='ltr'><strong>Hic</strong></span> <span class='ocrx_word' id='word_1_32' title='bbox 318 835 381 873; x_wconf 86' lang='lat' dir='ltr'><strong>ille</strong></span> <span class='ocrx_word' id='word_1_33' title='bbox 395 838 453 873; x_wconf 86' lang='lat' dir='ltr'><strong>est</strong></span> <span class='ocrx_word' id='word_1_34' title='bbox 469 848 480 874; x_wconf 70' lang='grc' dir='ltr'><strong><em>ι</em></strong></span> <span class='ocrx_word' id='word_1_35' title='bbox 496 846 572 874; x_wconf 91' lang='lat' dir='ltr'><strong>non</strong></span> <span class='ocrx_word' id='word_1_36' title='bbox 589 838 628 873; x_wconf 84' lang='lat' dir='ltr'><strong>te</strong></span> <span class='ocrx_word' id='word_1_37' title='bbox 643 834 771 873; x_wconf 85' lang='lat' dir='ltr'><strong>credas</strong></span> <span class='ocrx_word' id='word_1_38' title='bbox 787 837 927 872; x_wconf 85' lang='lat' dir='ltr'>Davum</span> <span class='ocrx_word' id='word_1_39' title='bbox 941 833 1086 872; x_wconf 87' lang='lat' dir='ltr'><strong>ludere.</strong></span> 
     </span>
    </p>

    <p class='ocr_par' dir='ltr' id='par_1_6' title="bbox 238 904 1144 1000">
     <span class='ocr_line' id='line_1_12' title="bbox 798 904 920 931; baseline -0.008 0"><span class='ocrx_word' id='word_1_40' title='bbox 798 904 920 931; x_wconf 70' lang='lat' dir='ltr'><strong>mms.</strong></span> 
     </span>
     <span class='ocr_line' id='line_1_13' title="bbox 238 951 1144 1000; baseline 0.001 -9"><span class='ocrx_word' id='word_1_41' title='bbox 238 954 295 991; x_wconf 86' lang='lat' dir='ltr'><strong>Me</strong></span> <span class='ocrx_word' id='word_1_42' title='bbox 309 952 485 990; x_wconf 83' lang='lat' dir='ltr'>miseram</span> <span class='ocrx_word' id='word_1_43' title='bbox 505 951 627 990; x_wconf 88' lang='lat' dir='ltr'><strong>:nihil</strong></span> <span class='ocrx_word' id='word_1_44' title='bbox 646 951 710 1000; x_wconf 90' lang='lat' dir='ltr'><strong>pol</strong></span> <span class='ocrx_word' id='word_1_45' title='bbox 729 951 815 990; x_wconf 86' lang='lat' dir='ltr'><strong>falsi</strong></span> <span class='ocrx_word' id='word_1_46' title='bbox 831 951 929 999; x_wconf 85' lang='lat' dir='ltr'>dixi,</span> <span class='ocrx_word' id='word_1_47' title='bbox 947 953 999 990; x_wconf 88' lang='lat' dir='ltr'><strong>mi</strong></span> <span class='ocrx_word' id='word_1_48' title='bbox 1018 963 1144 992; x_wconf 83' lang='lat' dir='ltr'><strong>senex.</strong></span> 
     </span>
    </p>
   </div>
   <div class='ocr_carea' id='block_1_3' title="bbox 239 1079 963 1224">
    <p class='ocr_par' dir='ltr' id='par_1_7' title="bbox 239 1079 963 1224">
     <span class='ocr_line' id='line_1_14' title="bbox 769 1079 948 1107; baseline 0 -2"><span class='ocrx_word' id='word_1_49' title='bbox 769 1079 948 1107; x_wconf 63' lang='lat' dir='ltr'><strong>canemus.</strong></span> 
     </span>
     <span class='ocr_line' id='line_1_15' title="bbox 239 1127 963 1168; baseline -0.004 -1"><span class='ocrx_word' id='word_1_50' title='bbox 239 1129 331 1168; x_wconf 87' lang='lat' dir='ltr'>Novi</span> <span class='ocrx_word' id='word_1_51' title='bbox 349 1137 500 1167; x_wconf 83' lang='lat' dir='ltr'>omnem</span> <span class='ocrx_word' id='word_1_52' title='bbox 516 1138 611 1166; x_wconf 91' lang='lat' dir='ltr'><strong>rem.</strong></span> <span class='ocrx_word' id='word_1_53' title='bbox 629 1130 693 1165; x_wconf 89' lang='lat' dir='ltr'><strong>Est</strong></span> <span class='ocrx_word' id='word_1_54' title='bbox 712 1127 813 1165; x_wconf 90' lang='lat' dir='ltr'>Simo</span> <span class='ocrx_word' id='word_1_55' title='bbox 834 1127 963 1165; x_wconf 76' lang='lat' dir='ltr'><strong>intus?</strong></span> 
     </span>
     <span class='ocr_line' id='line_1_16' title="bbox 792 1197 925 1224; baseline 0.008 -1"><span class='ocrx_word' id='word_1_56' title='bbox 792 1197 925 1224; x_wconf 68' lang='lat' dir='ltr'><strong>nnus.</strong></span> 
     </span>
    </p>
   </div>
   <div class='ocr_carea' id='block_1_4' title="bbox 977 1249 1053 1285">
    <p class='ocr_par' dir='ltr' id='par_1_8' title="bbox 977 1249 1053 1285">
     <span class='ocr_line' id='line_1_17' title="bbox 977 1249 1053 1285; baseline 0 0"><span class='ocrx_word' id='word_1_57' title='bbox 977 1249 1053 1285; x_wconf 77' lang='lat' dir='ltr'><strong>Est.</strong></span> 
     </span>
    </p>
   </div>
   <div class='ocr_carea' id='block_1_5' title="bbox 678 1372 1044 1528">
    <p class='ocr_par' dir='ltr' id='par_1_9' title="bbox 678 1372 1044 1528">
     <span class='ocr_line' id='line_1_18' title="bbox 703 1372 1020 1414; baseline 0.003 -1"><span class='ocrx_word' id='word_1_58' title='bbox 703 1372 888 1413; x_wconf 86' lang='lat' dir='ltr'>SCENA</span> <span class='ocrx_word' id='word_1_59' title='bbox 925 1375 1020 1414; x_wconf 89' lang='lat' dir='ltr'><strong>VII.</strong></span> 
     </span>
     <span class='ocr_line' id='line_1_19' title="bbox 678 1488 1044 1528; baseline 0.003 -6"><span class='ocrx_word' id='word_1_60' title='bbox 678 1488 850 1528; x_wconf 79' lang='lat' dir='ltr'>nAvus,</span> <span class='ocrx_word' id='word_1_61' title='bbox 883 1489 1044 1523; x_wconf 79' lang='lat' dir='ltr'><strong>MYsls.</strong></span> 
     </span>
    </p>
   </div>
   <div class='ocr_carea' id='block_1_6' title="bbox 802 1606 922 1633">
    <p class='ocr_par' dir='ltr' id='par_1_10' title="bbox 802 1606 922 1633">
     <span class='ocr_line' id='line_1_20' title="bbox 802 1606 922 1633; baseline -0.008 -1"><span class='ocrx_word' id='word_1_62' title='bbox 802 1606 922 1633; x_wconf 75' lang='lat' dir='ltr'><strong>MYSIS.</strong></span> 
     </span>
    </p>
   </div>
   <div class='ocr_carea' id='block_1_7' title="bbox 243 1655 1380 1878">
    <p class='ocr_par' dir='ltr' id='par_1_11' title="bbox 243 1655 1380 1878">
     <span class='ocr_line' id='line_1_21' title="bbox 1087 1655 1380 1706; baseline 0.01 -14"><span class='ocrx_word' id='word_1_63' title='bbox 1087 1657 1140 1693; x_wconf 90' lang='lat' dir='ltr'><strong>Ne</strong></span> <span class='ocrx_word' id='word_1_64' title='bbox 1152 1665 1213 1693; x_wconf 86' lang='lat' dir='ltr'><strong>me</strong></span> <span class='ocrx_word' id='word_1_65' title='bbox 1228 1655 1380 1706; x_wconf 76' lang='lat' dir='ltr'>attigas,</span> 
     </span>
     <span class='ocr_line' id='line_1_22' title="bbox 244 1711 1124 1761; baseline 0 -10"><span class='ocrx_word' id='word_1_66' title='bbox 244 1712 423 1751; x_wconf 81' lang='lat' dir='ltr'><strong>sceleste!</strong></span> <span class='ocrx_word' id='word_1_67' title='bbox 439 1711 478 1750; x_wconf 89' lang='lat' dir='ltr'><strong>Si</strong></span> <span class='ocrx_word' id='word_1_68' title='bbox 494 1711 557 1761; x_wconf 89' lang='lat' dir='ltr'><strong>pol</strong></span> <span class='ocrx_word' id='word_1_69' title='bbox 576 1711 744 1760; x_wconf 78' lang='lat' dir='ltr'><strong>Glycerio</strong></span> <span class='ocrx_word' id='word_1_70' title='bbox 764 1723 839 1750; x_wconf 90' lang='lat' dir='ltr'><strong>non</strong></span> <span class='ocrx_word' id='word_1_71' title='bbox 859 1713 986 1750; x_wconf 85' lang='lat' dir='ltr'>omnia</span> <span class='ocrx_word' id='word_1_72' title='bbox 1001 1713 1124 1753; x_wconf 78' lang='lat' dir='ltr'><strong>haec..-.</strong></span> 
     </span>
     <span class='ocr_line' id='line_1_23' title="bbox 796 1783 930 1810; baseline 0.007 -1"><span class='ocrx_word' id='word_1_73' title='bbox 796 1783 930 1810; x_wconf 67' lang='lat' dir='ltr'><strong>nnus.</strong></span> 
     </span>
     <span class='ocr_line' id='line_1_24' title="bbox 243 1828 972 1878; baseline 0 -10"><span class='ocrx_word' id='word_1_74' title='bbox 243 1830 322 1868; x_wconf 84' lang='lat' dir='ltr'><strong>Eho</strong></span> <span class='ocrx_word' id='word_1_75' title='bbox 341 1829 467 1878; x_wconf 82' lang='lat' dir='ltr'><strong>inepta</strong></span> <span class='ocrx_word' id='word_1_76' title='bbox 478 1858 491 1877; x_wconf 90' lang='lat'><strong><em>,</em></strong></span> <span class='ocrx_word' id='word_1_77' title='bbox 506 1828 626 1869; x_wconf 84' lang='lat' dir='ltr'><strong>neseis</strong></span> <span class='ocrx_word' id='word_1_78' title='bbox 644 1829 735 1878; x_wconf 90' lang='lat' dir='ltr'>quid</span> <span class='ocrx_word' id='word_1_79' title='bbox 754 1830 802 1868; x_wconf 88' lang='lat' dir='ltr'><strong>sit</strong></span> <span class='ocrx_word' id='word_1_80' title='bbox 820 1833 972 1869; x_wconf 76' lang='lat' dir='ltr'>actum?</span> 
     </span>
    </p>
   </div>
   <div class='ocr_carea' id='block_1_8' title="bbox 242 1961 1207 2284">
    <p class='ocr_par' dir='ltr' id='par_1_12' title="bbox 242 1961 1207 2284">
     <span class='ocr_line' id='line_1_25' title="bbox 802 1961 923 1989; baseline 0.008 -1"><span class='ocrx_word' id='word_1_81' title='bbox 802 1961 923 1989; x_wconf 68' lang='lat' dir='ltr'><strong>ursls.</strong></span> 
     </span>
     <span class='ocr_line' id='line_1_26' title="bbox 979 2009 1207 2056; baseline 0.013 -8"><span class='ocrx_word' id='word_1_82' title='bbox 979 2009 1049 2056; x_wconf 85' lang='lat' dir='ltr'><strong>Qui</strong></span> <span class='ocrx_word' id='word_1_83' title='bbox 1065 2010 1207 2051; x_wconf 79' lang='lat' dir='ltr'>sciam?</span> 
     </span>
     <span class='ocr_line' id='line_1_27' title="bbox 795 2080 928 2107; baseline 0.015 -2"><span class='ocrx_word' id='word_1_84' title='bbox 795 2080 928 2107; x_wconf 68' lang='lat' dir='ltr'><strong>nnus.</strong></span> 
     </span>
     <span class='ocr_line' id='line_1_28' title="bbox 242 2126 1138 2177; baseline 0 -10"><span class='ocrx_word' id='word_1_85' title='bbox 242 2129 308 2167; x_wconf 82' lang='lat' dir='ltr'><strong>Hic</strong></span> <span class='ocrx_word' id='word_1_86' title='bbox 325 2137 431 2166; x_wconf 80' lang='lat' dir='ltr'><strong>socer</strong></span> <span class='ocrx_word' id='word_1_87' title='bbox 445 2131 512 2164; x_wconf 84' lang='lat' dir='ltr'><strong>est.</strong></span> <span class='ocrx_word' id='word_1_88' title='bbox 534 2126 615 2164; x_wconf 77' lang='lat' dir='ltr'><strong>Alio</strong></span> <span class='ocrx_word' id='word_1_89' title='bbox 630 2131 739 2175; x_wconf 85' lang='lat' dir='ltr'><strong>pacto</strong></span> <span class='ocrx_word' id='word_1_90' title='bbox 760 2127 859 2165; x_wconf 85' lang='lat' dir='ltr'>haud</span> <span class='ocrx_word' id='word_1_91' title='bbox 874 2132 1019 2177; x_wconf 76' lang='lat' dir='ltr'><strong>poterat</strong></span> <span class='ocrx_word' id='word_1_92' title='bbox 1035 2129 1138 2174; x_wconf 76' lang='lat' dir='ltr'><strong>fieri,</strong></span> 
     </span>
     <span class='ocr_line' id='line_1_29' title="bbox 244 2185 850 2234; baseline -0.003 -8"><span class='ocrx_word' id='word_1_93' title='bbox 244 2189 291 2226; x_wconf 86' lang='lat' dir='ltr'><strong>Ut</strong></span> <span class='ocrx_word' id='word_1_94' title='bbox 306 2185 418 2225; x_wconf 84' lang='lat' dir='ltr'><strong>sciret</strong></span> <span class='ocrx_word' id='word_1_95' title='bbox 437 2186 534 2233; x_wconf 87' lang='lat' dir='ltr'><strong>haec,</strong></span> <span class='ocrx_word' id='word_1_96' title='bbox 553 2197 636 2234; x_wconf 85' lang='lat' dir='ltr'><strong>quae</strong></span> <span class='ocrx_word' id='word_1_97' title='bbox 650 2186 850 2225; x_wconf 86' lang='lat' dir='ltr'>voluimus.</span> 
     </span>
     <span class='ocr_line' id='line_1_30' title="bbox 799 2257 923 2284; baseline 0 0"><span class='ocrx_word' id='word_1_98' title='bbox 799 2257 923 2284; x_wconf 72' lang='lat' dir='ltr'>mzffls.</span> 
     </span>
    </p>
   </div>
   <div class='ocr_carea' id='block_1_9' title="bbox 847 2306 1208 2355">
    <p class='ocr_par' dir='ltr' id='par_1_13' title="bbox 847 2306 1208 2355">
     <span class='ocr_line' id='line_1_31' title="bbox 847 2306 1208 2355; baseline 0.006 -11"><span class='ocrx_word' id='word_1_99' title='bbox 847 2307 957 2352; x_wconf 86' lang='lat' dir='ltr'><strong>Hem,</strong></span> <span class='ocrx_word' id='word_1_100' title='bbox 974 2306 1208 2355; x_wconf 82' lang='lat' dir='ltr'><strong>praedioeres.</strong></span> 
     </span>
    </p>
   </div>
   <div class='ocr_carea' id='block_1_10' title="bbox 1533 0 1586 2658">
    <p class='ocr_par' dir='ltr' id='par_1_14' title="bbox 1533 0 1586 2658">
     <span class='ocr_line' id='line_1_32' title="bbox 1533 0 1586 2658; baseline 0 0"><span class='ocrx_word' id='word_1_101' title='bbox 1533 0 1586 2658; x_wconf 95' lang='lat' dir='ltr'><strong> </strong></span> 
     </span>
    </p>
   </div>
  </div>
 </body>
</html>
