1586 2658
197 156 249 195 ,ΤΞ
703 165 910 202 ΑΝΒΒΙΑ.

189 243 278 281 Huic
297 243 484 292 pariundi,
503 249 613 294 atque
630 244 683 284 illi
701 245 738 284 iu
758 246 841 284 aliis
857 246 981 295 potius
1000 236 1176 296 peccandi
1195 246 1332 286 locum.

189 300 260 338 Sed
286 302 462 350 quidnam
491 303 725 353 Pamphilum
747 305 996 343 exanimatum
1018 305 1151 344 video?
1166 308 1319 352 Vereor,
1340 306 1426 354 quid

236 364 318 397 siet.
584 372 586 375 ’

188 418 382 467 Opperiar,
402 423 444 458 ut
458 419 571 459 seiam
584 421 853 471 numquidnam
867 422 946 461 haec
961 422 1070 462 turba
1081 423 1240 462 tristitiae
1250 422 1407 462 adterat.

663 573 849 614 SCENA
886 575 952 614 VI.

562 671 858 714 PAMPHILUS,
887 674 1052 709 MYSIS.

693 788 912 815 ramanus.

189 830 379 882 Hoccinest
391 832 744 881 humanumfactum
763 840 827 874 aut
840 836 1052 885 inceptum?
1065 836 1252 876 hoccinest
1261 838 1424 877 officium

234 889 348 939 patris
356 892 375 928 Τ

750 965 871 992 msts.

187 1007 280 1053 Quid
301 1011 380 1047 est?

697 1083 914 1110 nmmos,

328 1130 398 1165 Pro
414 1128 526 1166 deum
544 1133 655 1179 atque
668 1130 862 1168 hominum
883 1130 1007 1175 fidem,
1025 1132 1115 1181 quid
1129 1138 1199 1180 est,
1213 1135 1244 1172 si
1257 1135 1335 1173 haec
1350 1146 1423 1175 non

234 1187 520 1226 contumeliast?

187 1247 343 1282 Uxorem
363 1245 532 1285 decrerat
549 1247 639 1286 dare
653 1258 734 1286 sese
750 1247 801 1286 mi
821 1247 934 1287 hodie
952 1262 962 1287 ε
979 1259 1101 1289 nonne
1119 1253 1283 1300 oportuit

189 1304 376 1343 Praescisse
394 1316 455 1343 me
472 1309 584 1345 ante?
602 1318 724 1346 nonne
741 1307 844 1356 prius
863 1310 1178 1348 communicatum
1197 1313 1391 1361 oportuit?

740 1377 859 1404 mrffls.

189 1420 357 1460 Miseram
374 1434 447 1471 me,
467 1423 568 1472 quod
587 1425 741 1463 verbum
763 1425 902 1464 audio?

698 1496 916 1523 ramanus.

187 1540 280 1586 Quid
298 1541 499 1580 Chremes?
517 1543 580 1591 qui
597 1543 798 1592 denegarat
817 1555 856 1582 se
871 1545 1156 1584 commissurum
1173 1547 1267 1586 mihi

186 1601 342 1638 Gnatam
355 1612 460 1639 suam
477 1612 629 1640 uxorem
646 1615 655 1640 :
672 1602 709 1640 id
723 1603 988 1652 mutavit,quia
1000 1615 1059 1642 me
1072 1605 1294 1645 inmutatum
1307 1608 1419 1647 videt.

188 1661 286 1697 ltane
315 1660 496 1698 obstinate
526 1671 678 1712 operam
710 1661 798 1709 dat,
830 1667 871 1700 ut
904 1673 963 1701 me
993 1674 1015 1701 a
1045 1663 1210 1712 Glycerio
1243 1665 1421 1706 miserum

233 1719 451 1757 abstrahat?
1472 1723 1476 1727 ’

186 1778 293 1822 Quod
307 1778 336 1815 si
357 1779 411 1826 tit,
431 1789 544 1828 pereo
563 1778 740 1817 funditus.

186 1836 522 1875 Adeon’hominem
542 1849 620 1876 esse
639 1838 871 1877 invenustum
889 1844 954 1878 aut
973 1839 1160 1880 infelicem
1179 1852 1420 1892 quemquam,

233 1899 274 1933 ut
288 1906 357 1944 ego
373 1898 480 1935 sum?

186 1956 255 1991 Pro
272 1954 382 1993 deum
399 1959 508 2004 atque
529 1956 722 1995 hominum
741 1958 871 1997 fidem!

185 2013 410 2062 Nullon'ego
426 2014 632 2054 Chremetis
648 2020 754 2066 paeto
771 2017 1002 2056 adfinitatem
1022 2018 1362 2069 effugempotero?

184 2075 280 2119 Quot
287 2074 664 2124 modiscomemptus,
673 2079 969 2126 spretus2Faeta‚
978 2079 1304 2126 transactaomnia.
1314 2081 1419 2126 Hem,

184 2132 410 2181 Repudiatus
419 2137 569 2182 repelor
580 2147 588 2170 ε
601 2135 844 2183 quamobrem
851 2138 871 2173 ἱ)
881 2135 952 2174 nisi
960 2136 991 2174 si
999 2135 1038 2174 id
1045 2129 1224 2187 est,quod
1231 2138 1416 2186 suspicor:

183 2190 330 2240 Aliquid
340 2179 498 2231 monstri
510 2191 615 2232 alunt
631 2206 640 2232 ε
655 2204 699 2232 ea
711 2194 889 2243 quoniam
903 2195 1044 2234 nemini
1056 2195 1206 2236 obtrudi
1218 2200 1354 2246 potest,

183 2251 258 2288 ltur
271 2250 318 2288 ad
332 2261 405 2290 me.
