1624 2632
238 215 309 254 376
523 216 765 254 HEAUTON
795 215 1188 254 TlMORUMENos,

240 298 371 336 voster
399 301 550 345 nostro,
581 308 660 336 esse
688 298 796 337 istam
824 298 982 337 amicam
1010 298 1132 346 gnati,
1160 308 1235 336 non
1259 295 1387 335 credat
1418 299 1471 334 ta·

286 366 385 394 men.

790 426 926 454 cuma.

241 478 285 512 At
307 474 406 513 enim
426 484 530 523 spem
548 474 639 513 istoc
658 479 765 523 pacto
783 484 929 512 rursum
946 473 1159 523 nuptiarum
1177 483 1326 511 omnem
1345 471 1470 521 eripis.

238 534 328 570 Nam
357 532 446 571 dum
474 533 631 571 amicam
656 532 751 571 hanc
772 543 893 570 meam
913 543 995 571 esse
1014 531 1155 579 credet,
1174 542 1248 570 non
1267 530 1474 570 committet

287 591 414 630 tiliam.

238 653 290 687 Tu
306 651 382 688 sors
401 651 491 699 quid
507 660 568 689 me
589 650 653 689 fiat
668 651 770 700 parvi
789 650 934 700 pendis,
951 650 1041 689 dum
1055 649 1110 688 illi
1127 649 1312 688 consulas.

237 826 346 874 Quid,
363 826 518 874 malum,
537 837 599 866 me
617 830 762 866 aetatem
779 779 1017 866 esernzgss'velle
1032 826 1071 865 id
1086 825 1368 864 adsimulat-ier?

237 887 336 924 Unus
353 890 409 924 est
423 885 517 935 dies,
537 886 626 924 dum
645 890 839 935 argentum
852 886 970 935 eripio
989 899 999 924 z
1020 888 1109 935 pax!
1128 885 1222 923 nihil
1240 884 1412 933 amplius.

235 1064 389 1100 Tantum
411 1066 466 1100 sat
482 1062 623 1101 habes?
641 1061 736 1118 Quid
745 1015 981 1111 ἴυζ’(ῗέἒω,
998 1074 1029 1101 ει
1048 1062 1119 1101 hoc
1136 1065 1242 1111 pater
1257 1059 1469 1099 resciverit?

785 1192 913 1218 snus.
1366 1214 1370 1218 .

233 1238 326 1283 Quid
341 1238 399 1276 si?
411 1232 538 1278 Redeo
553 1239 600 1277 ad
615 1238 714 1286 illos,
728 1239 793 1288 qui
809 1239 933 1277 aiunt:
948 1238 1043 1285 Quid
1061 1238 1093 1276 si
1107 1249 1205 1277 nunc
1216 1237 1348 1277 coelum
1358 1239 1468 1276 ruat?

783 1367 920 1395 cuma.

233 1416 354 1453 Metuo
372 1414 463 1464 quid
481 1426 601 1464 agam.

782 1485 912 1514 snus.
1438 1527 1441 1530 Ι

634 1533 764 1572 Metuis
774 1535 794 1571 ἱ)
813 1532 924 1579 Quasi
941 1543 1016 1571 non
1031 1543 1076 1571 ea
1093 1536 1256 1582 potestas
1272 1531 1321 1570 sit
1339 1536 1418 1580 tua,

231 1592 310 1636 Quo
332 1591 420 1630 velis
435 1592 473 1630 in
492 1596 660 1641 tempore
680 1596 722 1630 ut
740 1595 776 1630 te
791 1591 973 1639 exsolvas,
991 1602 1070 1630 rem
1084 1591 1197 1629 facias
1214 1590 1337 1640 palam

780 1720 917 1751 cultu,

251 1772 341 1817 Age,
357 1779 445 1818 age,
459 1779 481 1806 a
497 1768 658 1808 ducatur
673 1768 837 1807 Bacchis.

780 1838 910 1865 snus.

855 1888 1015 1935 Optume
1033 1885 1113 1935 ipsa
1130 1885 1204 1923 exit
1218 1885 1330 1924 foras.

699 1999 886 2040 SCENA
914 1998 988 2038 IV.

289 2099 514 2140 BACCHIS,
543 2099 729 2139 CLINIA,
757 2097 934 2136 SYRUS,
962 2096 1146 2136 DROMO,
1173 2096 1403 2130 PHRYGIA.

762 2197 928 2225 mccms.

218 2248 318 2285 -Satis
339 2247 400 2297 pol
416 2251 586 2297 proterve
603 2257 663 2285 mc
681 2246 763 2295 Syri
784 2244 967 2295 promissa
986 2244 1059 2282 huc
1076 2243 1310 2286 induxerunt,

226 2308 355 2345 Decem
369 2306 487 2345 minas
498 2317 589 2356 quas
598 2305 688 2344 mibi
702 2305 791 2344 dare
803 2309 861 2343 est
874 2303 1070 2354 pollicitus,
1084 2303 1191 2347 Quod
1202 2303 1232 2341 si
1242 2304 1273 2341 is
1285 2313 1382 2341 nunc
1395 2312 1457 2341 me
