1624 2632
241 208 311 244 268
747 207 965 253 nucvnA,
993 177 999 184 ’

243 289 513 338 Antiquamque
529 288 623 327 adeo
644 291 746 326 tuam
762 292 988 326 venustatem
1007 287 1166 336 obtines,

244 349 288 385 Ut
301 347 478 396 voluptati
496 346 619 386 obitus
632 376 642 395 ,
666 356 791 385 sermo
803 373 814 391 ‚
837 346 1016 385 adventus
1033 350 1143 394 tuus,
1158 355 1391 395 quocumque
1407 344 1472 383 ad-

289 417 447 453 veneris,

243 466 396 513 Semper
412 465 471 503 sit.

750 527 762 532 ‘
775 533 939 562 BACCEIS.

338 585 387 622 Ac
400 588 438 621 tu
456 587 601 622 ecastor
617 593 762 621 morem
780 583 971 631 antiquom
990 586 1099 631 atque
1118 583 1304 631 ingenium
1317 582 1472 627 obtines,

245 645 288 681 Ut
305 654 398 680 unus
414 642 582 680 omnium
593 642 705 680 homo
720 646 755 680 te
765 642 861 680 vivat
873 652 1075 692 numquam
1087 652 1282 690 quisquam
1292 641 1473 679 blandior.

747 770 965 799 nummus.

247 821 313 866 Ha,
331 818 393 862 ha,
414 819 482 860 hae,
503 823 569 857 tun
589 819 640 856 mi
659 818 777 857 istuc?

781 888 943 916 BACcfflS.

647 939 759 975 Recte
776 937 924 983 amasti,
943 935 1152 985 Pamphile,
1172 946 1323 974 uxorem
1343 940 1443 974 tuam
1466 949 1476 973 :

247 999 339 1034 Nam
357 1006 561 1044 numquam
578 1000 664 1034 ante
681 995 780 1034 hunc
798 996 898 1034 diem
917 996 1012 1034 meis
1029 994 1147 1034 oculis
1161 1005 1259 1040 eam,
1275 995 1376 1044 quod
1393 1005 1478 1033 uos-

296 1065 387 1099 sem,
405 1053 597 1093 videram:

249 1112 483 1151 Perliberalis
501 1112 626 1151 visast.

754 1182 974 1210 aurnuns.

652 1230 714 1268 Dic
730 1241 873 1268 verum.

780 1300 946 1327 Bacenis.

888 1350 941 1385 lta
958 1358 1017 1386 me
1029 1346 1066 1386 di
1086 1353 1222 1395 ament,
1243 1347 1448 1398 Pamphile.

757 1418 975 1445 nummus.

253 1465 313 1503 Dic
323 1464 388 1512 mi,
398 1465 529 1503 harum
541 1475 667 1503 rerum
677 1465 859 1514 numquid
869 1465 960 1503 dixti
967 1465 1046 1514 jam
1056 1464 1178 1514 patri?

786 1593 951 1622 mccms.

869 1671 871 1673 >
1142 1641 1216 1681 Nil.

761 1711 979 1739 PAHPHILUS.

1174 1762 1300 1809 Neque
1318 1771 1411 1810 opus
1430 1766 1485 1800 est
1509 1761 1511 1763 ’

255 1818 357 1856 Adeo
377 1818 537 1857 muttito.
560 1818 687 1857 Placet
704 1817 804 1855 haud
824 1817 903 1856 fieri
922 1819 992 1856 hoc
1006 1817 1137 1856 itidem
1151 1818 1243 1857 utin
1255 1819 1461 1867 comediis,

255 1875 386 1915 Omnia
408 1887 538 1915 omnes
558 1876 622 1915 ubi
641 1875 854 1916 resciscunt.
877 1877 954 1920 Hic,
976 1887 1071 1926 quos
1086 1877 1158 1915 fuit
1175 1888 1242 1927 par
1255 1877 1425 1923 sciscere,

256 1936 382 1973 Sciunt
402 1948 412 1974 ε
432 1945 526 1984 quos
551 1946 627 1974 non
655 1939 779 1974 autem
808 1939 991 1985 aequumst
1011 1935 1125 1984 scire,
1150 1946 1271 1986 neque
1292 1938 1487 1978 resciscent

304 2004 425 2043 neque
443 1993 574 2033 scient.

258 2113 375 2150 Immo
390 2111 516 2156 etiam,
534 2112 599 2161 qui
617 2112 688 2151 hoc
702 2063 1043 2151 occuffiffiilius
1059 2104 1203 2161 credas,
1218 2113 1329 2153 dabo.

258 2169 444 2221 Myrrhina
460 2170 513 2209 itu
528 2170 710 2220 Phidippo
726 2169 830 2215 dixit,
848 2170 1085 2220 Jurijurando
1104 2182 1190 2210 meo

294 2254 322 2280 1.
342 2250 422 2280 voilii
438 2251 487 2288 qui
498 2255 542 2280 est
555 2252 611 2280 fort
623 2251 718 2280 habile
730 2261 740 2280 ς
754 2251 783 2279 le
798 2254 962 2288 spectateur
974 2251 1035 2279 seul
1053 2251 1115 2280 doit
1133 2253 1227 2280 :avoir
1238 2255 1311 2287 tout,
1328 2256 1358 2280 et
1378 2253 1436 2281 l'on
1454 2261 1489 2282 ne

261 2296 328 2331 peut
339 2293 434 2323 avoir
447 2291 574 2323 munis
584 2293 636 2330 tre
648 2292 666 2321 ἰ
676 2293 801 2323 rei-enee
810 2292 847 2321 de
857 2291 970 2321 n’uoir
981 2292 1062 2329 point
1076 2292 1130 2322 mis
1141 2293 1183 2322 les
1193 2296 1291 2323 autre·
1300 2301 1489 2332 persona-‘eu
