1586 2658
254 270 324 307 106
771 271 981 308 ANDRIA.

805 361 940 389 nAvus.

887 408 973 447 Dies
987 407 1041 447 mi
1056 406 1120 447 hic
1135 410 1179 447 ut
1194 408 1286 447 satis
1303 408 1354 447 sit
1363 416 1496 447 vereor

252 465 309 508 Ad
323 466 507 516 agendum
520 480 531 508 ε
543 478 591 508 nc
602 479 759 509 vacuum
772 479 855 508 esse
866 480 928 508 me
940 479 1040 508 nunc
1049 467 1098 508 ad
1107 469 1335 508 narrandum
1343 467 1493 508 credat:

252 526 413 566 Proinde
428 527 516 567 hinc
533 539 597 570 vos
608 528 814 568 amolimini
835 541 845 566 z
866 539 955 567 nam
966 528 1021 568 mi
1039 528 1307 579 impedimento
1319 532 1423 569 ostis.

762 599 982 627 unimus.

252 644 328 693 Ego
347 647 443 686 hanc
459 646 590 684 visam.

804 717 942 746 nnus.

514 763 610 811 Quid
625 766 692 803 tu?
709 775 784 815 quo
804 765 892 804 hinc
909 770 946 805 te
966 764 1069 816 agis?

773 835 971 864 eluamus.

982 887 1121 924 Verum
1134 885 1188 924 vis
1200 885 1323 924 dicam
1333 886 1353 922 ⁸?

806 954 941 981 nnus.

1252 1004 1369 1040 Immo
1383 1001 1496 1040 ctiam
1550 1035 1552 1038 .

253 1057 481 1097 Narrationis
498 1057 627 1108 incipit
641 1058 693 1097 mi
712 1058 874 1099 initium.

592 1125 595 1128 ⁴
774 1129 971 1159 CHARINUS.

875 1178 972 1225 Quid
991 1189 1053 1218 me
1073 1179 1164 1218 fiet?

808 1249 944 1276 nnus.

254 1291 333 1331 Eho
349 1295 388 1330 tu
406 1291 621 1343 impudens,
633 1305 710 1334 non
729 1296 818 1335 satis
833 1297 965 1346 habes,
984 1297 1088 1347 quod
1105 1296 1176 1336 tihi
1186 1296 1371 1336 dieculam
1383 1297 1496 1346 addo,

253 1352 440 1396 Quantum
456 1352 545 1392 huic
561 1364 766 1403 promoveo
785 1355 959 1405 nuptias?

777 1426 978 1454 emmaus.

919 1477 1018 1514 Dave
1024 1502 1040 1523 ,
1057 1477 1281 1514 attamen...

796 1541 941 1572 mvus.

1270 1589 1367 1638 Quid
1380 1601 1470 1640 ergo
1478 1593 1499 1629 :⁹

781 1661 982 1690 emamus,

254 1707 300 1744 Ut
319 1705 466 1746 ducam.

804 1780 939 1807 uivus.

445 1826 668 1866 Ridiculum.

781 1898 974 1927 caminus.

630 1947 707 1983 Huc
721 1944 802 1984 face
819 1946 866 1983 ad
885 1958 945 1985 mc
964 1951 1006 1985 ut
1023 1945 1170 1994 venias,
1189 1945 1220 1984 si
1237 1945 1331 1996 quid
1346 1945 1499 1996 poteris.

259 2087 261 2091 -
810 2075 944 2104 nnus·

256 2120 350 2166 Quid
370 2119 542 2159 venIam?
559 2121 620 2160 Nil
634 2121 770 2162 habeo.

778 2193 973 2221 emmaus.

730 2243 778 2279 At
793 2244 919 2279 tamen
933 2240 964 2279 si
982 2240 1088 2290 quid.

810 2310 945 2338 nnus.

1040 2363 1138 2409 Age,
1158 2356 1319 2398 veniam.
