1624 2632
290 245 365 284 180
792 243 1016 281 HECYRA.

816 332 1003 361 pannum).

953 394 1048 430 Vera
1068 391 1148 431 haec
1165 394 1339 441 praedicat
1359 410 1370 435 τ

287 455 331 490 Εῑ
350 451 442 489 illud
460 450 550 489 mihi
567 450 733 489 vitiumst
752 461 981 489 maxumum.
1003 450 1041 489 Si
1056 451 1150 490 mihi
1170 452 1281 491 iidem

286 508 414 550 Das'te
428 511 638 558 tacituram,
658 510 791 548 dicam.

818 586 997 613 PmLOTlS.

772 635 774 637 ’
834 640 890 677 Ad
904 640 1091 689 ingenium
1112 641 1226 681 redis.

285 699 414 739 Fidem
436 699 484 738 do
504 712 514 737 ε
535 698 701 748 loquere.
855 706 857 708 ’

813 776 1002 802 ΡΑΒΜΕΝΟ.

713 830 901 867 Ausculta.

814 905 1000 932 PHILOTIS.

927 959 1008 996 Istic
1029 969 1126 996 sum.

815 1034 1001 1061 PARMENO.

1139 1091 1237 1127 Hanc
1252 1090 1469 1131 Bacchidem

284 1147 452 1195 Amabat,
469 1151 509 1185 ut
527 1157 644 1195 quum
662 1156 847 1193 maxume,
866 1150 946 1184 tum
959 1147 1189 1197 Pamphilus,

284 1211 404 1254 Quum
421 1210 526 1255 pater
542 1216 695 1244 uxorem
715 1208 756 1242 ut
776 1204 887 1243 ducat
906 1217 1014 1244 orare
1030 1206 1188 1256 occipit:

283 1270 328 1305 Et
345 1268 423 1305 haec
440 1264 652 1304 communia
669 1263 836 1302 omnium
849 1275 932 1313 quae
949 1269 1035 1303 sunt
1050 1270 1212 1314 patrum,

284 1329 369 1365 Sese
387 1337 513 1364 senem
529 1336 607 1363 esse
627 1324 766 1369 dicere,
786 1324 891 1362 illum
910 1330 1036 1363 autem
1057 1326 1206 1364 unicum
1225 1356 1235 1366 .

283 1386 497 1424 Praesidium
519 1384 612 1422 velle
632 1394 671 1422 se
687 1387 866 1421 senectuti
880 1395 967 1422 suae.

283 1446 348 1483 lile
367 1456 406 1482 se
425 1444 546 1493 primo
566 1453 716 1490 negare.
738 1442 809 1480 Sed
829 1448 1026 1491 postquam
1046 1444 1167 1483 acrius

283 1508 393 1542 Pater
408 1503 535 1550 instat,
555 1501 643 1539 fecit
662 1501 777 1539 animi
793 1506 833 1539 ut
848 1501 1010 1540 incertus
1030 1502 1141 1551 soret,

283 1565 445 1603 Pudorin
464 1574 558 1601 anne
577 1562 697 1606 amori
714 1562 985 1610 obsequeretur
1000 1564 1129 1611 magis.

283 1623 487 1663 Tundendo
506 1628 617 1671 atque
637 1621 723 1660 odio
737 1622 904 1670 denique
925 1622 1043 1660 effecit
1063 1635 1174 1664 senex
1195 1637 1206 1663 ε

283 1682 482 1732 Despondit
498 1680 701 1729 eignatam
717 1680 828 1729 hujus
844 1681 953 1719 vicini
972 1683 1155 1730 proxumi.

283 1746 403 1791 Usque
420 1741 512 1778 illud
532 1740 652 1778 visum
673 1743 729 1778 est
748 1740 940 1791 Pamphilo
957 1740 1174 1789 neutiquam
1192 1753 1301 1790 grave
1309 1757 1321 1791 3

281 1804 405 1839 Donec
417 1800 497 1848 jam
514 1799 550 1836 ln
565 1799 655 1847 ipsis
670 1799 821 1848 nuptiis,
844 1803 1042 1848 postquam
1057 1800 1160 1839 videt

282 1863 447 1906 Paratas,
465 1869 534 1896 nec
553 1868 696 1896 moram
717 1857 847 1905 ullam,
865 1859 953 1907 quin
974 1859 1099 1905 ducat,
1120 1860 1200 1897 dari
1219 1873 1228 1897 :

282 1919 333 1957 lbi
349 1919 500 1956 demum
520 1916 571 1954 ita
585 1927 683 1965 aegre
703 1917 803 1964 tulit,
823 1922 862 1954 ut
880 1917 999 1966 ipsam
1016 1918 1247 1963 Bacchidem,

282 1977 318 2016 Si
331 1976 493 2023 adesset,
513 1976 624 2014 credo
641 1975 691 2013 ibi
705 1976 786 2024 ejus
802 1977 1153 2015 commiseresceret.

281 2037 510 2084 Ubicumque
529 2035 658 2073 datum
674 2039 756 2073 erat
775 2036 937 2084 spatium
956 2035 1179 2084 solitudinis,

282 2096 327 2133 Ut
343 2093 520 2143 conloqui
538 2104 685 2131 mecum
703 2105 776 2132 una
792 2100 915 2143 posset
935 2108 945 2133 ε
967 2097 1164 2141 Parmeno,

279 2153 378 2192 Perii
397 2167 407 2192 ε
426 2152 521 2199 Quid
541 2163 609 2201 ego
629 2154 686 2201 egi
701 2155 720 2191 ⁶?
744 2154 781 2191 in
800 2154 902 2202 quod
923 2165 981 2192 me
999 2154 1143 2203 conjeci
1163 2155 1331 2193 malum?

279 2214 361 2250 Non
376 2214 506 2260 potero
526 2209 598 2249 hoc
619 2210 932 2258 ferre,·Parmeno
950 2211 1070 2260 :perii
1089 2212 1214 2250 miser.

317 2337 345 2365 1.
363 2337 510 2363 Heni-ense
529 2335 673 2363 invention
693 2336 729 2363 de
745 2336 900 2371 caractere,
920 2336 969 2373 qni
992 2334 1084 2363 donne
1104 2344 1143 2364 un
1161 2335 1204 2364 nir
1222 2339 1284 2364 tout
1299 2335 1411 2363 nature}
1431 2336 1449 2364 'n
1465 2345 1520 2366 nne
