1624 2632
209 209 278 245 198
711 213 930 250 nEeYRA.

211 288 323 327 llabui
345 289 457 334 illam,
477 301 520 329 ac
538 300 567 328 si
583 301 627 329 ex
643 301 702 330 me
719 297 817 329 esset
835 295 921 329 nata
943 302 953 328 :
975 299 1057 334 nec,
1084 287 1148 337 qui
1177 287 1248 325 hoc
1274 297 1325 324 mi
1352 294 1437 324 eve-

257 347 347 396 niat,
365 348 440 387 scio
461 362 470 387 z

211 404 282 442 Nisi
304 406 362 454 pol
384 407 498 444 tilium
521 407 750 446 multimodis
763 407 841 455 jam
859 411 1006 456 expeto,
1023 409 1065 443 ut
1083 404 1213 443 redeat
1231 402 1396 441 domum.

654 600 860 649 ACTUS
901 600 993 647 111.

371 773 374 778 Ι
702 717 880 757 SCENA
916 716 948 756 1.

369 814 662 857 PAMPmLUS,
694 815 974 856 PARMENON,
1006 813 1281 849 MYRRRINA.

715 983 933 1010 PAMPHILUS.

214 1028 358 1067 Nemini
374 1041 461 1078 ergo
482 1030 589 1080 plura
605 1030 738 1070 acerba
758 1030 871 1069 credo
890 1040 971 1069 esse
989 1040 1034 1069 ex
1053 1040 1181 1069 amore
1199 1029 1342 1068 homiui
1362 1040 1445 1068 um-

262 1098 374 1135 quam
393 1088 532 1132 oblata,

215 1148 331 1191 Quam
343 1147 406 1185 mi.
418 1150 494 1186 Heu
504 1159 564 1186 me
573 1147 773 1195 infelicem,
782 1148 958 1187 hanccine
968 1158 1038 1197 ego
1044 1147 1156 1185 vitam
1166 1147 1263 1196 parsi
1274 1147 1447 1196 perdere?

216 1205 368 1242 Haecine
382 1216 492 1244 causa
504 1216 571 1254 ego
584 1216 685 1244 eram
699 1210 892 1256 tantopere
908 1206 1064 1256 cupidus
1078 1206 1256 1244 redeundi
1269 1206 1448 1244 domum?

217 1262 280 1300 Cui
295 1269 432 1311 quanto
451 1264 572 1302 fuerat
587 1265 841 1314 praestabilius,
858 1265 975 1303 ubivis
990 1264 1154 1313 gentium
1165 1275 1274 1313 agere
1287 1268 1447 1310 aetatem,

216 1324 332 1367 Quam
344 1322 416 1361 huc
426 1323 575 1361 redire?
589 1327 706 1372 Atque
720 1325 796 1362 haec
809 1324 860 1362 ita
870 1334 951 1362 esse
964 1324 1140 1361 miserum
1156 1333 1215 1360 me
1227 1323 1449 1360 resciscere?

216 1382 308 1417 Nam
325 1392 391 1419 nos
407 1392 550 1430 omnes,
567 1382 701 1431 quihus
720 1386 775 1420 est
790 1382 958 1420 alicunde
978 1382 1111 1430 aliquis
1125 1381 1290 1429 objectus
1308 1379 1426 1427 labos,

219 1441 335 1477 Omne
353 1441 453 1489 quod
473 1446 530 1479 est
543 1442 684 1480 interea
699 1446 846 1491 tempus
865 1443 1080 1491 priusquam
1093 1440 1133 1479 id
1146 1441 1372 1487 rescitumst‚
1388 1438 1448 1477 lu-

265 1503 375 1536 crost.

743 1571 927 1598 nummo.

219 1619 266 1653 At
284 1617 336 1654 sic
354 1616 463 1654 citius
483 1616 547 1666 qui
567 1621 603 1655 te
625 1617 798 1666 expedias
817 1617 874 1655 his
895 1617 1081 1661 aerumnis,
1102 1626 1281 1666 reperias.
1306 1617 1311 1621 ”

221 1675 257 1712 Si
277 1685 350 1712 non
370 1675 556 1719 rediisses,
576 1675 652 1714 hoec
670 1676 735 1714 irae
753 1676 858 1714 factae
877 1681 1002 1714 essent
1025 1675 1143 1714 multo
1161 1674 1386 1723 ampliores:

221 1733 291 1770 Sed
309 1744 405 1770 nunc
416 1733 615 1772 adventum
630 1739 735 1772 tuum
753 1735 893 1782 ambas,
906 1733 1113 1783 Pamphile,
1129 1734 1205 1772 scio
1217 1732 1453 1771 reveritums.

221 1793 312 1828 Rem
329 1802 548 1840 cognosces:
563 1793 655 1831 iram
674 1793 848 1842 expedies
864 1806 873 1831 ι
888 1803 1035 1831 rursum
1048 1792 1086 1830 in
1100 1792 1256 1841 gratiam
1269 1791 1456 1830 restitues.

224 1850 330 1888 Levia
348 1856 447 1899 sunt,
463 1863 545 1900 quae
560 1856 599 1890 tu
615 1852 806 1900 pergravia
823 1862 904 1890 esse
922 1851 960 1889 in
976 1851 1142 1889 animum
1158 1849 1300 1888 induxti
1311 1854 1431 1890 tuum.

262 2052 288 2080 1.
309 2052 390 2079 eette
401 2051 484 2079 soene
494 2059 564 2088 pose
573 2051 658 2079 d'une
669 2050 794 2079 muniere
807 2049 964 2078 excellente
976 2049 1005 2078 le
1016 2050 1162 2078 caractere
1173 2050 1198 2077 si
1211 2048 1413 2085 renai-quante
1421 2047 1457 2076 de

225 2094 355 2120 Sostrata
367 2101 376 2120 z
390 2092 418 2119 la
430 2092 577 2120 tendi-esse
586 2091 765 2127 maten-nene,
775 2092 859 2128 qu’on
871 2101 889 2128 y
906 2095 970 2120 sent
979 2091 1046 2128 deji
1059 2091 1187 2128 poindre,
1200 2099 1236 2118 en
1247 2091 1384 2118 acheven
1394 2089 1458 2126 plus

227 2133 284 2160 loin
296 2133 323 2161 le
339 2133 431 2161 dessin
446 2133 544 2170 exquis
552 2136 582 2161 et
591 2133 706 2170 pax-ruit.

265 2174 291 2200 2.
318 2177 410 2202 nouat
423 2174 562 2210 reproche
573 2182 608 2202 au
620 2177 860 2202 commeneement
868 2174 912 2213 *de
924 2177 1000 2202 cette
1012 2174 1094 2202 soene
1105 2173 1195 2201 d'etre
1206 2172 1348 2209 uagique,
1363 2175 1391 2198 et
1403 2178 1456 2199 no·

229 2215 368 2251 comique.
391 2217 431 2243 La
449 2217 570 2251 repense
585 2224 640 2251 que
655 2216 694 2243 lui
712 2216 762 2243 l'ait
778 2215 943 2243 Lemonnier
960 2219 1004 2243 eet
1023 2215 1074 2242 des
1094 2215 1160 2251 plus
1183 2216 1320 2241 sensees:
1340 2225 1355 2238 α
1369 2214 1458 2241 nonu

229 2255 395 2293 ignore-t-il
414 2264 470 2292 que
490 2256 560 2283 dans
574 2256 614 2284 les
626 2257 748 2293 grandes
760 2257 889 2292 passions
904 2257 931 2283 la
945 2255 1071 2283 comodie
1089 2255 1169 2282 cleve
1184 2262 1236 2282 son
1249 2253 1343 2290 style?
1356 2253 1460 2282 Inter·

237 2300 310 2328 dum
329 2307 432 2329 vocem
445 2301 592 2329 comedia
604 2300 695 2328 tollit.
714 2301 858 2336 Pamphile
870 2304 914 2327 est.
925 2300 995 2327 daus
1007 2308 1060 2327 une
1076 2298 1211 2328 uituation
1223 2298 1360 2327 violente.
1376 2296 1402 2325 u
1413 2304 1462 2325 re-
