1586 2658
247 228 293 265 34
762 233 965 271 ANDRIA.

806 327 928 354 MYSls.

488 372 611 412 Oratio
628 373 708 413 haec
723 385 782 412 me
801 375 972 412 miseram
992 371 1213 410 exanimavit
1230 374 1344 409 metu.

753 443 973 471 nunninus.

251 486 342 524 Nam
361 488 452 536 quid
468 499 537 539 ego
553 501 651 529 nunc
668 491 789 529 dicam
807 492 854 530 de
874 493 1008 540 patre?
1024 491 1097 534 Ah,

252 547 452 586 Tantamne
473 560 552 589 rem
571 555 645 588 tam
662 550 890 599 negligenter
905 552 1039 599 agere?
1058 553 1277 589 Praetemens
1293 547 1405 586 modo

252 604 299 641 Mi
324 606 422 653 apud
449 607 593 656 forum,
618 620 710 648 uxor
729 610 796 648 tibi
821 609 989 649 ducenda
1011 614 1088 657 est,
1117 607 1328 658 Pamphile,
1350 605 1482 653 hodie,

299 663 443 713 inquit:
460 678 563 715 para,

253 721 319 758 Abi
339 722 507 762 domum.
528 727 566 763 ld
581 726 671 764 mihi
687 726 799 765 visust
813 726 952 775 dicere,
969 725 1029 765 abi
1047 726 1136 774 cito,
1151 730 1190 765 et
1205 725 1388 774 suspende
1407 728 1458 763 te.

253 779 420 830 Obstipui
443 796 452 821 ε
474 785 617 823 censen’
631 796 692 824 me
710 787 862 824 verbum
882 785 1046 835 potuisse
1064 785 1181 823 ullum
1199 783 1394 834 proloqui?

252 841 323 876 Aut
362 840 475 879 ullam
511 854 680 892 causam,
714 844 876 894 ineptam
914 844 1045 883 saltem
1057 872 1067 889 ,
1103 844 1234 882 falsam
1247 873 1256 890 ‚
1293 843 1485 891 iniquam?

299 898 488 939 Obmutui.

253 957 390 1001 Quodsi
418 970 485 1008 ego
513 961 705 1000 rescissem
730 963 768 1001 id
798 963 914 1012 prius.
940 963 1038 1009 Quid
1062 963 1244 1009 facerem,
1266 960 1298 999 si
1319 960 1403 1009 quis
1422 970 1483 998 me

298 1020 432 1065 roget?

251 1073 399 1123 Aliquid
416 1077 591 1128 facerem,
612 1084 654 1118 ut
668 1080 739 1119 hoc
756 1090 803 1118 ne
819 1080 993 1119 facerem.
1010 1080 1082 1119 Sed
1101 1090 1198 1118 nuuc
1212 1078 1302 1127 quid
1321 1077 1484 1127 primum

297 1139 497 1184 exsequar?

252 1194 320 1230 Tot
334 1204 392 1231 me
404 1194 613 1244 impediunt
623 1208 732 1243 curae,
746 1209 827 1246 quae
840 1209 965 1236 meum
977 1198 1143 1236 animum
1156 1197 1300 1235 divorse
1312 1194 1481 1243 trahunt;

250 1254 375 1299 Amor,
395 1254 647 1294 misericordia
666 1256 792 1304 huius,
809 1257 1022 1306 nuptiarum
1037 1255 1262 1302 sollicitatio,

252 1311 343 1347 Tum
364 1312 478 1359 patris
494 1314 629 1362 pudor,
649 1315 712 1364 qui
733 1326 793 1353 me
811 1320 888 1354 tam
905 1316 980 1354 leni
999 1326 1128 1364 passus
1151 1318 1208 1352 est
1223 1313 1347 1351 animo
1366 1316 1503 1361 usque·

299 1369 430 1414 adhuc,

250 1428 337 1471 Quae
368 1439 452 1468 meo
483 1442 628 1480 cunque
658 1433 783 1472 animo
813 1433 1027 1481 lubitumst,
1060 1433 1196 1471 facere.
1227 1431 1316 1469 Eine
1343 1441 1412 1479 ego
1444 1435 1486 1469 ut

297 1486 495 1526 advorser‘?
514 1490 579 1528 Hei
598 1491 710 1530 mihil

251 1545 466 1585 incertumst
477 1547 568 1596 quid
579 1560 698 1598 agam.

804 1620 927 1650 uts1s.

591 1667 725 1706 Misera
736 1668 851 1707 timeo
865 1670 1047 1708 incertum
1060 1668 1131 1707 hoc
1140 1677 1317 1717 quorsum
1327 1666 1480 1705 accidat.

252 1722 321 1760 Sed
346 1734 442 1763 nunc
461 1731 657 1775 peropust‚
680 1731 744 1765 aut
765 1727 864 1766 hunc
881 1739 967 1766 cum
986 1728 1086 1777 ipsa,
1106 1731 1171 1765 aut
1192 1737 1251 1765 me
1273 1725 1412 1775 aliquid
1437 1725 1484 1764 de

293 1781 359 1821 illa
371 1783 567 1822 adversum
583 1785 681 1824 hunc
698 1785 814 1835 loqui.

254 1842 342 1878 Dum
369 1841 407 1879 in
432 1842 546 1881 dubio
573 1848 630 1882 est
655 1845 824 1892 animus,
854 1845 967 1894 paulo
996 1846 1186 1882 momento
1214 1843 1287 1881 huc
1311 1842 1370 1881 vel
1396 1841 1485 1880 illuc

294 1900 510 1948 impellitur.

759 1974 978 2000 nummus.

253 2017 336 2063 Quis
349 2018 411 2056 hic
422 2019 609 2068 loquitur?
624 2021 745 2070 Mysis,
761 2021 876 2060 salve.

799 2091 922 2119 MYSIS.

839 2142 869 2178 Ο
881 2139 993 2186 salve,
1009 2139 1214 2189 Pamphile.

286 2285 312 2310 1.
338 2282 451 2311 Muliere
471 2291 488 2311 a
512 2283 588 2310 imite
609 2284 732 2311 Te'rence
756 2292 791 2311 en
816 2285 956 2320 plusieurs
975 2284 1111 2318 endi-ons,
1127 2288 1240 2312 surtout
1259 2284 1331 2312 daus
1353 2293 1398 2312 ses
1418 2293 1486 2321 pre-

255 2333 352 2353 mieres
371 2333 473 2359 picces.
494 2325 572 2353 Voici
598 2329 739 2352 comment
762 2325 781 2352 il
806 2325 930 2359 trauan,
960 2335 1083 2363 presque
1114 2325 1331 2360 interamnem,
1358 2334 1391 2353 ee
1419 2334 1486 2363 pas-
