1624 2632
263 235 332 273 366
546 233 789 272 HEAUTON
819 234 1214 273 TIMORUMENOS.

779 325 985 354 sosrmn.

461 423 467 430 ·
816 377 861 413 Ut
880 375 1000 414 stultae
1018 379 1056 414 et
1075 374 1209 414 misere
1227 385 1358 414 omnes
1374 384 1502 413 sumus

265 433 473 483 Religiosae,
490 443 606 483 quum
624 433 881 483 exponendam
899 433 947 472 do
965 434 1037 482 ini,
1055 435 1102 473 de
1121 433 1236 484 digito
1254 434 1406 472 anulum

264 493 425 532 Detraho
445 506 454 531 :
476 498 514 531 et
529 503 615 531 eum
632 492 714 530 dico
729 496 769 530 ut
789 503 861 530 una
880 503 965 530 cum
985 493 1110 543 puella
1127 498 1350 544 exponeret3

264 554 301 592 Si
320 558 544 599 moreretur,
566 565 612 592 ne
631 564 763 603 expers
782 554 897 604 partis
917 559 1015 594 esset
1028 555 1076 595 de
1091 554 1230 596 nostris
1243 554 1366 594 bonis.

793 685 972 714 cunnum.

265 732 359 770 Istuc
377 734 477 771 recte
495 744 506 770 ι
523 733 747 771 conservasti
768 737 804 771 te
825 738 936 783 atque
955 733 1074 773 illam.

782 865 980 892 sosrnAn.
1047 899 1050 902 ‚

1094 913 1129 950 ls
1146 911 1206 950 hic
1223 915 1280 949 est
1296 909 1440 948 anulus.

792 981 971 1010 cunum.

261 1028 366 1067 Unde
384 1028 528 1068 habes?

258 1107 261 1110 ·
775 1100 977 1127 sos-mxu.

475 1149 594 1194 Quam
613 1147 764 1186 Bacchis
782 1159 906 1186 secum
923 1147 1076 1186 adduxit
1091 1146 1404 1186 adulescentulam
1421 1159 1431 1184 ε

817 1218 946 1245 snus.

1391 1268 1495 1305 Hem.

789 1327 968 1365 (innexas.

261 1382 357 1429 Quid
376 1393 420 1422 ea
439 1385 596 1423 narrat?

773 1454 971 1481 sosrnAn.

587 1504 652 1549 Ea,
667 1501 830 1540 lavatum
849 1501 955 1540 dumi
975 1505 1005 1549 t,
1024 1501 1243 1539 servandum
1266 1500 1358 1539 mibi
1375 1500 1491 1539 dedit.

259 1558 431 1598 Animum
451 1570 524 1598 non
546 1559 689 1599 advorti
705 1561 868 1610 primum
891 1573 901 1599 :
920 1560 987 1599 sed
1007 1565 1206 1610 postquam
1224 1560 1370 1608 aspexi,
1395 1560 1495 1599 illico

259 1617 437 1667 Cognovi,‘
451 1618 500 1658 ad
514 1623 552 1658 te
570 1620 698 1658 exilui.

785 1750 964 1778 cantum.

701 1798 797 1844 Quid
815 1809 913 1837 nunc
928 1796 1115 1847 suspicare
1132 1800 1198 1836 aut
1212 1796 1354 1836 invenis

258 1859 307 1895 De
323 1857 414 1896 illa?

772 1927 973 1955 sosmu.

420 1975 564 2022 Nescio,
582 1973 652 2012 nisi
671 1985 716 2013 ex
732 1974 812 2024 ipsa
831 1986 988 2023 quaeras,
1013 1974 1111 2012 unde
1130 1973 1229 2012 hunc
1248 1973 1433 2022 habuerit,

256 2034 292 2073 Si
309 2033 405 2083 potis
426 2038 483 2072 est
499 2033 668 2083 reperiri,

779 2111 784 2117 ·
808 2103 938 2130 snus.

681 2149 819 2188 Interii.
842 2151 928 2189 Plus
947 2149 1026 2199 spei
1043 2149 1150 2188 video
1166 2161 1280 2199 quam
1304 2150 1402 2190 volo.

254 2212 385 2247 Nostra
401 2214 469 2254 est,
488 2209 517 2247 si
537 2209 586 2246 ita
606 2214 672 2247 est.

283 2288 314 2325 ‘1.
336 2300 462 2325 Sostrata
474 2297 598 2334 cspe'rait
611 2305 664 2332 que
683 2300 728 2324 cet
747 2304 858 2324 anneau
876 2295 1044 2333 engagerait
1060 2304 1131 2323 ceux
1141 2296 1189 2331 qui
1202 2297 1398 2326 trouveraient
1416 2298 1490 2326 Pen-

253 2338 313 2366 taut
331 2339 345 2365 ὁ
363 2339 401 2366 lui
415 2346 567 2367 conserver
577 2338 605 2365 la
615 2339 670 2371 vie,
681 2346 753 2373 pour
764 2338 915 2366 deeouvrir
932 2345 969 2364 un
983 2337 1053 2374 jour
1063 2345 1110 2364 ses
1119 2343 1237 2375 parents
1250 2342 1279 2365 et
1294 2346 1330 2366 en
1344 2339 1415 2367 tiren-
1433 2347 1488 2367 une
