1624 2632
264 202 332 239 218
665 222 674 231 .
775 198 992 235 HECVRA.

793 288 973 313 vnnnsso.

613 336 692 373 Non
708 344 805 382 queo
823 347 832 372 z
853 335 904 371 ita
928 334 1094 372 defessus
1111 345 1208 373 sum.

774 403 992 431 paramus.

271 451 332 489 iile
350 450 453 489 abiit.
472 450 567 497 Quid
586 462 692 500 agam
712 451 861 489 infelix?
878 454 1031 490 Prorsus
1050 450 1190 498 nescio,
1262 446 1264 449 ’

269 503 353 556 Qud
367 515 474 559 pacto
494 510 564 548 hoc
581 510 712 554 celem,
732 510 831 558 quod
852 520 911 548 me
929 510 1048 548 oravit
1062 509 1261 558 Myrrhina,

268 570 350 607 Suae
369 574 487 616 gnatae
502 573 647 618 partum
666 581 675 607 :
693 579 779 606 nam
798 579 859 607 me
878 568 1028 607 miseret
1045 568 1225 607 mulieris.

254 627 374 674 ,Quod
393 632 521 677 potero
542 627 685 671 faciam,
708 632 832 665 tamen
853 632 892 665 ut
911 627 1086 676 pietatem
1102 626 1249 665 colam:

267 690 359 725 Nam
378 698 437 725 me
457 686 600 736 parenti
621 686 743 736 potius
760 697 872 735 quam
892 686 1011 725 amori
1028 686 1182 736 obsequi

267 748 432 795 Oportet.
448 749 548 783 Anat
564 756 691 784 eccum
709 745 931 794 Phidippum
949 750 988 784 et
1005 749 1148 794 patrem

266 805 380 844 video
397 804 574 844 :horsum
595 809 762 853 pergunt.
782 803 878 850 Quid
893 804 1014 842 dicam
1032 803 1150 852 hisee,
1172 804 1332 843 incertus
1350 814 1448 845 sum.

748 931 933 970 SCENA
968 931 1018 970 V.

460 1047 667 1086 LACHES,
695 1046 980 1086 PfflDIPPUS,
1006 1046 1296 1082 PAMPHILUS.

803 1164 954 1191 means.

263 1217 380 1256 Dixtin
402 1215 543 1255 dudum
561 1213 663 1252 illam
685 1213 833 1256 dixisse,
853 1223 894 1250 se
912 1217 1122 1261 exspectare
1138 1213 1281 1251 filium?

722 1364 724 1366 .
776 1341 980 1369 Pfflmm’us.

261 1397 424 1438 Factum.

793 1459 945 1486 nemas.

446 1508 592 1547 Venisse
607 1506 710 1545 aiunt
730 1520 739 1546 :
763 1507 904 1544 redeat.

766 1575 985 1603 PAMPmLus.

918 1625 1037 1669 Quam
1049 1633 1199 1661 causam
1219 1625 1336 1662 dicam
1357 1630 1468 1675 patri,

256 1686 507 1733 Quamobrem
525 1695 599 1722 non
618 1682 805 1726 reducam,
827 1682 966 1721 nescio.

797 1752 947 1779 nemas,
999 1752 1004 1755 ·

933 1802 1051 1846 Quem
1069 1810 1136 1848 ego
1153 1799 1212 1837 hic.
1226 1799 1349 1838 audivi
1366 1800 1492 1850 loqui?

766 1870 985 1898 nummus.

256 1925 405 1961 Certum
421 1921 608 1960 offirmare
627 1924 683 1958 est
705 1919 801 1956 viam
821 1930 880 1956 me
902 1929 1013 1966 quam
1029 1917 1178 1956 decrevi
1196 1918 1381 1967 persequi.

796 1988 947 2015 menes.

256 2041 359 2089 Ipsus
377 2042 433 2077 est
455 2038 502 2077 de
525 2049 599 2087 quo
619 2037 691 2076 hoc
710 2037 863 2085 agebam
885 2041 1021 2074 tecum.

759 2106 978 2134 nummus.

1032 2151 1151 2195 Salve,
1170 2151 1222 2190 mi
1241 2156 1361 2201 pater.

796 2222 947 2249 micans.

252 2275 366 2325 Gnate
385 2273 451 2330 mi,
478 2273 589 2311 salve.
