1624 2632
247 169 315 207 ¹96
750 176 964 212 HECYRA.

782 266 933 295 uenas.

843 318 930 360 Quae
946 326 1006 354 res
1022 321 1058 354 te
1075 316 1196 354 tacere
1214 314 1252 352 id
1272 311 1471 363 prohibet?

246 370 334 414 Eho,
354 372 620 420 numquidnam
635 379 780 411 accusat
798 375 943 412 virum?

755 444 961 471 Purntvpus.

800 492 960 530 Minume
982 505 992 530 z
1012 502 1096 529 nam
1116 494 1312 540 postquam
1333 488 1471 527 attendi

242 547 368 596 Magis,
388 551 426 585 et
444 547 479 585 vi
493 548 588 597 coepi
607 560 740 597 cogere
757 554 796 588 ut
812 550 967 595 rediret,
989 555 1113 589 sancte
1131 549 1279 597 adJurat

242 608 321 644 Non
342 616 448 655 posse
467 607 566 656 apud
584 618 647 646 vos
667 608 859 657 Pamphilo
879 620 919 647 se
938 609 1089 647 absente
1106 608 1308 656 perdurare
1327 619 1337 644 :

241 665 351 702 Aliud
368 664 523 704 sortasse
541 666 625 704 aliis
643 667 706 705 viti
724 673 780 706 est
798 681 807 706 :
830 679 898 717 ego
911 679 993 706 sum
1009 668 1134 706 animo
1152 666 1226 705 leni
1243 669 1380 704 natus:

241 727 322 762 Non
339 735 490 774 possum
507 725 697 765 advorsari
716 728 819 766 meis.

778 856 928 884 uenas.

807 907 912 950 Hem,
928 906 1103 942 Sostrata.

755 974 955 1001 sosrmn.
1242 1008 1253 1019 ·

1100 1024 1178 1060 Heu
1193 1031 1252 1059 me
1270 1019 1469 1059 miseram!

784 1093 932 1120 mem-3.

241 1139 439 1178 Certumne
457 1144 513 1178 est
531 1141 650 1178 istuc?

755 1210 959 1238 pmmprus.

571 1257 673 1292 Nunc
692 1255 842 1302 quidem
865 1260 905 1293 ut
923 1254 1069 1293 videtur
1084 1268 1094 1294 ε
1111 1254 1179 1294 sed
1196 1252 1377 1302 numquid
1392 1251 1473 1290 vis?

232 1313 334 1349 'Nam
349 1316 404 1350 est
421 1312 522 1361 quod
543 1323 602 1351 me
620 1314 776 1351 transire
789 1314 836 1351 ad
858 1314 979 1352 forum
993 1314 1073 1363 jam
1089 1318 1246 1363 oportet.

782 1443 931 1471 uenus.

1176 1493 1229 1530 Eo
1242 1496 1363 1530 tecum
1383 1501 1468 1528 una.

711 1610 895 1675 SQENA
925 1611 1003 1650 III.

727 1712 983 1766 sosTRATA.
1048 1750 1051 1751 ν

759 1857 957 1885 SOSTRATA.

243 1903 380 1952 Edepol
400 1915 456 1942 nae
474 1914 542 1942 nos
560 1915 686 1942 sumus
699 1904 822 1954 inique
839 1917 944 1954 aeque
963 1916 1091 1944 omnes
1103 1905 1228 1944 invisae
1243 1904 1345 1952 viris,

243 1966 399 2011 Propter
411 1974 559 2011 paucas,
573 1974 656 2012 quae
671 1974 800 2003 omnes
818 1964 955 2003 faciunt
967 1965 1087 2013 dignae
1099 1970 1139 2003 ut
1155 1965 1345 2003 videamur
1358 1963 1471 2002 malo.

180 2032 182 2034 ·
236 2021 334 2056 'Nam
351 2018 402 2056 ita
421 2029 481 2056 me
500 2019 538 2056 di
552 2023 693 2067 ament,
709 2020 810 2069 quod
827 2031 887 2059 me
905 2025 1052 2059 accusat
1066 2032 1163 2059 nunc
1182 2021 1248 2065 vir,
1268 2031 1352 2060 sum
1371 2024 1474 2058 extra

231 2103 234 2104 γ
290 2087 451 2114 nonam.

243 2136 316 2174 Sed
325 2146 400 2174 non
413 2135 522 2174 facile
535 2141 592 2175 est
606 2142 832 2187 expurgatu:
847 2138 899 2177 ita
913 2138 1078 2176 animum
1097 2137 1334 2185 induxerunt,
1347 2147 1474 2176 socrus
1499 2188 1502 2190 q

243 2196 372 2233 omnis
389 2205 470 2234 esse
489 2193 633 2244 iniquas
651 2209 662 2235 z
683 2197 782 2235 haud
800 2197 864 2247 pol
886 2208 946 2236 me
966 2196 1145 2246 quidem:
1163 2207 1250 2236 nam
1269 2207 1474 2247 numquam

289 2265 395 2294 secus
