1624 2632
302 230 372 266 288
586 229 829 266 HEAUTON
860 227 1255 265 TIMORUMENOS.

803 316 1036 344 uznnnzuus.

301 363 473 410 Chreme,
493 367 686 402 tantumne
706 364 752 402 ab
769 374 810 402 re
830 369 895 401 tua
912 367 969 401 est
985 363 1038 401 oti
1058 362 1139 409 tibi,

301 422 427 461 Aliena
446 425 488 460 ut
503 433 624 470 cures,
645 433 779 472 eaque,
800 422 895 460 nihil
914 433 998 471 quae
1010 421 1058 460 ad
1077 425 1115 460 te
1135 421 1330 460 adtinent?

831 550 1011 578 cunnus.

303 599 419 636 Homo
438 609 521 636 sum
538 611 546 634 :
569 598 723 636 humani
742 597 836 636 nihil
854 609 876 636 a
893 609 954 636 me
969 598 1132 636 alienum
1151 601 1255 646 puto.

301 657 368 696 Vel
389 668 449 695 me
466 668 619 696 monere
639 657 712 695 hoc
731 657 787 695 vel
801 657 1013 706 percontari
1029 661 1120 705 puta
1141 670 1150 694 :

301 718 504 758 Rectumst‚
525 727 593 766 ego
611 721 651 754 ut
666 716 799 755 faciam
819 730 828 754 ε
848 727 922 754 non
937 720 1009 761 est,
1026 721 1062 754 te
1082 721 1122 753 ut
1140 715 1364 753 deterream.

750 876 755 882 ¹
807 845 1036 871 nexem-mus.

303 893 388 931 Mihi
407 892 458 931 sic
475 897 532 931 est
549 903 636 930 usus
656 905 667 931 z
687 893 756 931 tibi
776 897 818 931 ut
835 904 929 941 opus
946 892 1092 938 factost,
1115 892 1209 930 face.

833 1023 1013 1049 canamus.

303 1073 357 1109 An
371 1071 545 1120 cuiquam
564 1075 622 1109 est
641 1081 729 1109 usus
742 1069 899 1116 homini,
919 1081 960 1107 se
979 1074 1019 1107 ut
1037 1070 1201 1108 cruciet?

805 1140 1037 1167 mzmznlmus.

1202 1187 1304 1225 Mihi.

830 1257 1010 1285 caumas.

303 1306 340 1346 Si
358 1306 448 1355 quid
465 1306 630 1353 laborist,
650 1305 789 1343 nollem
812 1319 821 1343 ε
842 1307 907 1343 sed
927 1305 1018 1354 quid
1038 1305 1131 1343 istuc
1151 1304 1241 1342 mali
1257 1308 1328 1350 est,

303 1367 430 1412 Quaeso
443 1367 462 1403 ⁶?
480 1364 572 1414 quid
585 1369 621 1403 te
638 1369 780 1403 tantum
797 1364 996 1402 meruisti?

809 1488 1040 1516 mmssmfflus.

1013 1536 1139 1574 Eheu!

829 1606 1008 1634 cunnus.

303 1658 354 1693 Ne
374 1655 540 1693 lacruma
557 1657 694 1703 :atque
705 1652 1004 1703 istuc,quicquid
1023 1657 1092 1696 est,
1114 1652 1172 1690 fae
1186 1662 1246 1690 me
1266 1655 1306 1689 ut
1321 1661 1450 1688 senam.

302 1717 354 1751 Ne
374 1713 486 1752 retice
505 1726 516 1751 ε
536 1723 583 1752 ne
599 1723 727 1751 verere
747 1712 886 1751 :crede
902 1712 1053 1760 inquam
1074 1712 1180 1748 mihi.

302 1776 375 1811 Aut
391 1772 615 1811 consolando
634 1775 698 1810 aut
715 1771 871 1811 consilio
889 1776 953 1809 aut
968 1782 1009 1809 re
1027 1771 1172 1819 juvero.

804 1900 1035 1927 huzmannus.

303 1950 404 1988 Scire
423 1950 494 1988 hoc
509 1950 592 1988 vis?

828 2019 1008 2045 canemus.

609 2069 683 2106 Hac
697 2068 849 2116 quide-m
864 2078 990 2114 causa,
1008 2076 1083 2115 qua
1100 2065 1177 2104 dixi
1194 2063 1275 2103 tibi.

339 2196 366 2223 Ι.
380 2204 397 2220 α
410 2195 487 2222 nans
498 2202 535 2220 un
547 2201 612 2221 vers
625 2193 747 2228 rameux,
760 2201 815 2230 que
827 2193 935 2221 chacun
945 2192 1002 2220 cite
1013 2195 1043 2219 et
1053 2195 1188 2219 retourne
1200 2198 1237 2217 en
1252 2192 1316 2218 tout
1326 2196 1402 2221 sens.
1416 2189 1538 2215 Tereno-

302 2242 322 2263 ι
334 2235 446 2264 resume
459 2243 491 2264 ce
502 2235 655 2263 sentiment
670 2235 705 2262 de
719 2234 894 2268 l’humnnite',
912 2233 1006 2270 quand
1018 2233 1038 2260 il
1050 2233 1103 2260 fait
1120 2232 1182 2260 dire
1195 2232 1214 2259 i
1225 2230 1380 2259 chremes:

509 2323 588 2348 Romo
600 2329 653 2347 num
662 2339 668 2345 .
680 2322 779 2347 humani
793 2323 859 2347 nihil
870 2329 886 2347 ι
900 2328 940 2346 me
950 2321 1059 2346 alienum
1072 2321 1142 2352 puto.
