1624 2632
295 226 362 262 312
580 226 819 263 HEAUTON
851 226 1243 264 TlMORuMENOS.

849 316 977 343 svncs.

780 364 844 402 Hic
864 364 910 402 de
934 364 1070 403 nostris
1090 363 1214 403 verbis
1230 367 1331 402 errat
1345 363 1530 411 videlicet,

294 422 382 466 Quae
402 420 462 459 hic
480 432 607 459 sumus
628 421 755 460 locuti.
781 422 920 469 Clinia,
941 422 1050 461 aliter
1073 427 1179 461 tuum
1205 433 1390 468 amorem,
1419 427 1530 472 atque

342 483 411 527 est,
431 480 591 529 accipis:

294 539 386 576 Nam
406 543 443 577 et
462 540 569 577 vitast
587 540 732 584 eadem,
750 545 788 578 et
806 541 952 578 animus
967 544 1003 579 te
1023 552 1112 589 erga
1123 540 1226 579 idem
1239 551 1282 579 ac
1299 540 1387 588 ruit;

294 598 480 643 Quantum
501 608 546 635 ex
563 598 641 647 ipsa
659 609 699 636 re
718 598 970 647 conjecturam
988 600 1167 648 cepimus.

846 669 983 696 cmxii.

294 717 388 762 Quid
400 717 598 755 ?·0bsecro.
616 720 707 755 Nam
726 717 818 755 mihi
838 729 936 756 nunc
955 719 1007 756 nil
1024 730 1149 757 rerum
1167 720 1369 758 omniumst

293 776 397 821 Quod
417 776 560 823 malim,
577 787 689 825 quam
705 787 765 814 me
782 777 853 815 hoc
873 777 967 815 falso
986 778 1219 827 suspicarier.

844 905 975 933 snus.

294 955 368 990 Hoc
381 951 557 1001 primum,
579 957 680 990 utne
697 952 787 1001 quid
807 953 918 999 hujus
937 954 1098 1002 ignoreS,
1113 965 1221 1002 anus,

293 1013 381 1057 Quae
400 1016 456 1050 est
471 1011 569 1050 dicta
588 1014 708 1049 mater
727 1022 807 1049 esse
828 1012 863 1050 ei
878 1012 1050 1060 antehac,
1067 1023 1140 1050 non
1159 1013 1229 1052 suit
1244 1025 1259 1054 ε

294 1073 344 1108 Ea
362 1070 455 1109 obiit
470 1075 627 1109 mortem
646 1083 656 1108 ε
677 1069 748 1108 hoc
767 1070 847 1119 ipsa
867 1071 905 1109 in
919 1071 1051 1110 itinere
1068 1070 1194 1110 alterae

294 1133 387 1168 Dum
405 1132 547 1178 narrat,
564 1128 661 1167 forte
680 1128 819 1167 audivi.

822 1198 1006 1227 cntinuo.

838 1250 1047 1293 Quaenamst
1060 1249 1205 1287 altera?

847 1318 977 1345 snus.

293 1369 397 1405 Mane
419 1380 428 1404 :
449 1366 520 1404 hoc
533 1365 634 1414 quod
651 1365 746 1414 coepi
762 1365 924 1414 primum
945 1377 1130 1411 enarrem,
1147 1367 1307 1416 Clitipho
1326 1379 1340 1409 z

293 1430 381 1466 Post
396 1426 490 1464 istuc
509 1425 667 1463 veniam.

547 1478 550 1479 ⁷
821 1494 999 1522 cti-tirno.

672 1545 847 1592 Propera.

843 1613 973 1639 snus.

860 1663 941 1699 Jam
959 1662 1122 1710 primum
1142 1662 1326 1713 omnium,

295 1723 358 1760 Ubi
375 1726 523 1760 ventum
544 1720 590 1759 ad
609 1719 698 1759 aedis
716 1724 787 1767 est,
806 1723 943 1758 Dromo
963 1720 1082 1769 pultat
1101 1720 1201 1758 fores
1223 1735 1232 1758 :

292 1786 391 1820 Anus
408 1782 578 1830 quaedam
595 1779 721 1829 prodit
741 1793 750 1817 :
773 1779 850 1817 haec
866 1779 930 1817 ubi
946 1779 1092 1828 aperuit
1110 1780 1262 1828 ostium,

293 1841 475 1879 Continuo
490 1839 550 1877 hic
570 1850 609 1877 se
629 1838 788 1886 conJ'ccit
804 1839 918 1885 intro,
935 1849 1004 1886 ego
1020 1849 1226 1888 consequor
1242 1851 1255 1878 z

292 1906 391 1938 Anus
410 1900 554 1938 foribus
572 1898 678 1936 obdit
696 1890 901 1946 pessulum,
920 1897 967 1934 ad
988 1897 1110 1935 lanam
1129 1897 1237 1936 redit.

292 1961 356 1998 Hic
374 1959 459 1998 sciri
479 1958 616 2008 potuit,
631 1961 693 1995 aut
710 1959 892 2005 nusquam
908 1956 1013 2004 alibi,
1029 1955 1159 1999 Clinia,

290 2021 370 2065 Quo
388 2018 510 2057 studio
527 2017 641 2055 vitam
660 2026 765 2054 suam
786 2020 822 2053 te
844 2015 997 2054 absente
1011 2015 1188 2064 exegerit,

290 2078 361 2116 Ubi
379 2077 425 2115 de
442 2076 628 2126 inproviso
647 2080 703 2114 est
719 2075 969 2112 interventum
984 2074 1158 2112 mulieri:

291 2140 384 2176 Nam
403 2148 448 2175 ea
466 2147 525 2176 res
541 2135 645 2174 dedit
664 2139 744 2173 tum
763 2132 1010 2172 existumandi
1027 2132 1174 2182 copiam

292 2195 521 2243 Quotidianae
537 2194 618 2233 vitae
636 2192 944 2232 consuetudinem
954 2205 967 2241 ;

293 2258 393 2302 Quae,
412 2254 590 2303 cujusque
610 2251 797 2301 ingenium
817 2255 858 2289 ut
873 2251 933 2297 sit,
953 2250 1119 2288 declarat
1138 2260 1338 2292 maxumez

293 2316 490 2353 Texentem
507 2311 621 2351 telam
638 2309 805 2349 studiose
822 2310 941 2360 ipsam
958 2308 1201 2358 offendimu83
