<?xml version="1.0" encoding="UTF-8"?>
<!DOCTYPE html PUBLIC "-//W3C//DTD XHTML 1.0 Transitional//EN"
    "http://www.w3.org/TR/xhtml1/DTD/xhtml1-transitional.dtd">
<html xmlns="http://www.w3.org/1999/xhtml" xml:lang="en" lang="en">
 <head>
  <title>
</title>
<meta http-equiv="Content-Type" content="text/html;charset=utf-8" />
  <meta name='ocr-system' content='tesseract 3.04.00' />
  <meta name='ocr-capabilities' content='ocr_page ocr_carea ocr_par ocr_line ocrx_word'/>
</head>
<body>
  <div class='ocr_page' id='page_1' title='image "./comdiesdetre01tereuoft_0190.png"; bbox 0 0 1586 2658; ppageno 0'>
   <div class='ocr_carea' id='block_1_1' title="bbox 213 262 933 302">
    <p class='ocr_par' dir='ltr' id='par_1_1' title="bbox 213 262 933 302">
     <span class='ocr_line' id='line_1_1' title="bbox 213 262 933 302; baseline 0.008 -6"><span class='ocrx_word' id='word_1_1' title='bbox 213 262 278 297; x_wconf 68' lang='lat'><strong>128</strong></span> <span class='ocrx_word' id='word_1_2' title='bbox 726 265 933 302; x_wconf 78' lang='lat' dir='ltr'><strong>ANDRIA.</strong></span> 
     </span>
    </p>
   </div>
   <div class='ocr_carea' id='block_1_2' title="bbox 212 355 1414 559">
    <p class='ocr_par' dir='ltr' id='par_1_2' title="bbox 740 355 918 384">
     <span class='ocr_line' id='line_1_2' title="bbox 740 355 918 384; baseline 0 -1"><span class='ocrx_word' id='word_1_3' title='bbox 740 355 918 384; x_wconf 70' lang='lat' dir='ltr'><strong>caumes.</strong></span> 
     </span>
    </p>

    <p class='ocr_par' dir='ltr' id='par_1_3' title="bbox 1369 404 1414 440">
     <span class='ocr_line' id='line_1_3' title="bbox 1369 404 1414 440; baseline 0 0"><span class='ocrx_word' id='word_1_4' title='bbox 1369 404 1414 440; x_wconf 72' lang='lat' dir='ltr'><strong>At</strong></span> 
     </span>
    </p>

    <p class='ocr_par' dir='ltr' id='par_1_4' title="bbox 212 461 1403 559">
     <span class='ocr_line' id='line_1_4' title="bbox 212 461 1403 514; baseline 0 -16"><span class='ocrx_word' id='word_1_5' title='bbox 212 461 426 514; x_wconf 14' lang='lat' dir='ltr'><strong>Veroffivoltu</strong></span> <span class='ocrx_word' id='word_1_6' title='bbox 436 475 448 510; x_wconf 85' lang='lat'><em>3</em></span> <span class='ocrx_word' id='word_1_7' title='bbox 469 472 587 511; x_wconf 88' lang='lat' dir='ltr'><strong>quum</strong></span> <span class='ocrx_word' id='word_1_8' title='bbox 606 461 657 500; x_wconf 89' lang='lat' dir='ltr'><strong>ibi</strong></span> <span class='ocrx_word' id='word_1_9' title='bbox 675 472 735 500; x_wconf 92' lang='lat' dir='ltr'><strong>me</strong></span> <span class='ocrx_word' id='word_1_10' title='bbox 754 461 886 500; x_wconf 87' lang='lat' dir='ltr'>adesse</span> <span class='ocrx_word' id='word_1_11' title='bbox 905 465 1040 500; x_wconf 84' lang='lat' dir='ltr'><strong>neuter</strong></span> <span class='ocrx_word' id='word_1_12' title='bbox 1057 464 1136 499; x_wconf 89' lang='lat' dir='ltr'><strong>tum</strong></span> <span class='ocrx_word' id='word_1_13' title='bbox 1150 465 1403 510; x_wconf 62' lang='lat' dir='ltr'><strong>praesenserat.</strong></span> 
     </span>
     <span class='ocr_line' id='line_1_5' title="bbox 776 531 878 559; baseline 0.01 -1"><span class='ocrx_word' id='word_1_14' title='bbox 776 531 878 559; x_wconf 80' lang='lat' dir='ltr'><strong>smo.</strong></span> 
     </span>
    </p>
   </div>
   <div class='ocr_carea' id='block_1_3' title="bbox 212 580 1262 691">
    <p class='ocr_par' dir='ltr' id='par_1_5' title="bbox 212 580 1262 691">
     <span class='ocr_line' id='line_1_6' title="bbox 212 580 1237 631; baseline -0.002 -10"><span class='ocrx_word' id='word_1_15' title='bbox 212 582 329 621; x_wconf 84' lang='lat' dir='ltr'><strong>Credo</strong></span> <span class='ocrx_word' id='word_1_16' title='bbox 338 597 349 630; x_wconf 95' lang='lat'>;</span> <span class='ocrx_word' id='word_1_17' title='bbox 368 587 407 621; x_wconf 89' lang='lat' dir='ltr'><strong>et</strong></span> <span class='ocrx_word' id='word_1_18' title='bbox 425 582 463 620; x_wconf 89' lang='lat' dir='ltr'><strong>id</strong></span> <span class='ocrx_word' id='word_1_19' title='bbox 482 582 643 621; x_wconf 82' lang='lat' dir='ltr'><strong>facturas</strong></span> <span class='ocrx_word' id='word_1_20' title='bbox 658 585 776 621; x_wconf 85' lang='lat' dir='ltr'><strong>Davos</strong></span> <span class='ocrx_word' id='word_1_21' title='bbox 790 581 929 620; x_wconf 91' lang='lat' dir='ltr'><strong>dudum</strong></span> <span class='ocrx_word' id='word_1_22' title='bbox 947 580 1115 631; x_wconf 77' lang='lat' dir='ltr'>praedixit</span> <span class='ocrx_word' id='word_1_23' title='bbox 1134 580 1237 619; x_wconf 83' lang='lat' dir='ltr'><strong>mihi.</strong></span> 
     </span>
     <span class='ocr_line' id='line_1_7' title="bbox 212 639 1262 691; baseline -0.002 -12"><span class='ocrx_word' id='word_1_24' title='bbox 212 644 255 680; x_wconf 88' lang='lat' dir='ltr'><strong>Et</strong></span> <span class='ocrx_word' id='word_1_25' title='bbox 269 640 392 681; x_wconf 86' lang='lat' dir='ltr'><strong>nescio</strong></span> <span class='ocrx_word' id='word_1_26' title='bbox 411 641 475 691; x_wconf 87' lang='lat' dir='ltr'><strong>qui</strong></span> <span class='ocrx_word' id='word_1_27' title='bbox 490 641 557 680; x_wconf 81' lang='lat' dir='ltr'>tibi</span> <span class='ocrx_word' id='word_1_28' title='bbox 570 652 655 680; x_wconf 82' lang='lat' dir='ltr'><strong>sum</strong></span> <span class='ocrx_word' id='word_1_29' title='bbox 671 640 810 680; x_wconf 87' lang='lat' dir='ltr'><strong>oblitus</strong></span> <span class='ocrx_word' id='word_1_30' title='bbox 823 641 934 680; x_wconf 87' lang='lat' dir='ltr'><strong>hodie</strong></span> <span class='ocrx_word' id='word_1_31' title='bbox 953 651 996 679; x_wconf 86' lang='lat' dir='ltr'><strong>ac</strong></span> <span class='ocrx_word' id='word_1_32' title='bbox 1008 639 1107 679; x_wconf 86' lang='lat' dir='ltr'><strong>volui</strong></span> <span class='ocrx_word' id='word_1_33' title='bbox 1125 639 1262 678; x_wconf 81' lang='lat' dir='ltr'><strong>dicere.</strong></span> 
     </span>
    </p>
   </div>
   <div class='ocr_carea' id='block_1_4' title="bbox 691 819 962 860">
    <p class='ocr_par' dir='ltr' id='par_1_6' title="bbox 691 819 962 860">
     <span class='ocr_line' id='line_1_8' title="bbox 691 819 962 860; baseline -0.007 0"><span class='ocrx_word' id='word_1_34' title='bbox 691 819 877 860; x_wconf 89' lang='lat' dir='ltr'>SCENA</span> <span class='ocrx_word' id='word_1_35' title='bbox 907 819 962 859; x_wconf 79' lang='grc' dir='ltr'><strong>ΙΙ.</strong></span> 
     </span>
    </p>
   </div>
   <div class='ocr_carea' id='block_1_5' title="bbox 419 940 1232 984">
    <p class='ocr_par' dir='ltr' id='par_1_7' title="bbox 419 940 1232 984">
     <span class='ocr_line' id='line_1_9' title="bbox 419 940 1232 984; baseline -0.004 -7"><span class='ocrx_word' id='word_1_36' title='bbox 419 943 592 984; x_wconf 82' lang='lat' dir='ltr'><strong>DAVUS,</strong></span> <span class='ocrx_word' id='word_1_37' title='bbox 618 943 864 983; x_wconf 81' lang='lat' dir='ltr'>CHREMES,</span> <span class='ocrx_word' id='word_1_38' title='bbox 892 942 1025 983; x_wconf 64' lang='lat' dir='ltr'><strong>Sumo,</strong></span> <span class='ocrx_word' id='word_1_39' title='bbox 1051 940 1232 975; x_wconf 76' lang='lat' dir='ltr'>DROMO.</span> 
     </span>
    </p>
   </div>
   <div class='ocr_carea' id='block_1_6' title="bbox 211 1068 967 1164">
    <p class='ocr_par' dir='ltr' id='par_1_8' title="bbox 211 1068 967 1164">
     <span class='ocr_line' id='line_1_10' title="bbox 754 1068 887 1096; baseline 0.008 -1"><span class='ocrx_word' id='word_1_40' title='bbox 754 1068 887 1096; x_wconf 57' lang='lat' dir='ltr'><strong>mvn&amp;</strong></span> 
     </span>
     <span class='ocr_line' id='line_1_11' title="bbox 211 1113 967 1164; baseline 0.003 -12"><span class='ocrx_word' id='word_1_41' title='bbox 211 1113 342 1152; x_wconf 83' lang='lat' dir='ltr'><strong>Animo</strong></span> <span class='ocrx_word' id='word_1_42' title='bbox 362 1124 460 1153; x_wconf 86' lang='lat' dir='ltr'><strong>nunc</strong></span> <span class='ocrx_word' id='word_1_43' title='bbox 476 1114 555 1163; x_wconf 83' lang='lat' dir='ltr'><strong>jam</strong></span> <span class='ocrx_word' id='word_1_44' title='bbox 575 1115 693 1155; x_wconf 88' lang='lat' dir='ltr'><strong>otioso</strong></span> <span class='ocrx_word' id='word_1_45' title='bbox 711 1127 792 1155; x_wconf 82' lang='lat' dir='ltr'><strong>esse</strong></span> <span class='ocrx_word' id='word_1_46' title='bbox 811 1116 967 1164; x_wconf 84' lang='lat' dir='ltr'><strong>impero.</strong></span> 
     </span>
    </p>
   </div>
   <div class='ocr_carea' id='block_1_7' title="bbox 740 1186 1360 1270">
    <p class='ocr_par' dir='ltr' id='par_1_9' title="bbox 740 1186 1360 1270">
     <span class='ocr_line' id='line_1_12' title="bbox 740 1186 917 1214; baseline -0.011 0"><span class='ocrx_word' id='word_1_47' title='bbox 740 1186 917 1214; x_wconf 64' lang='lat' dir='ltr'><strong>cunenses.</strong></span> 
     </span>
     <span class='ocr_line' id='line_1_13' title="bbox 1013 1229 1360 1270; baseline -0.006 0"><span class='ocrx_word' id='word_1_48' title='bbox 1013 1234 1104 1270; x_wconf 84' lang='lat' dir='ltr'><strong>Hem</strong></span> <span class='ocrx_word' id='word_1_49' title='bbox 1120 1234 1259 1270; x_wconf 85' lang='lat' dir='ltr'><strong>Davum</strong></span> <span class='ocrx_word' id='word_1_50' title='bbox 1277 1229 1360 1268; x_wconf 86' lang='lat' dir='ltr'><strong>tihi.</strong></span> 
     </span>
    </p>
   </div>
   <div class='ocr_carea' id='block_1_8' title="bbox 209 1303 1446 2281">
    <p class='ocr_par' dir='ltr' id='par_1_10' title="bbox 209 1303 1446 2281">
     <span class='ocr_line' id='line_1_14' title="bbox 778 1303 878 1329; baseline -0.01 0"><span class='ocrx_word' id='word_1_51' title='bbox 778 1303 878 1329; x_wconf 82' lang='lat' dir='ltr'><strong>smo.</strong></span> 
     </span>
     <span class='ocr_line' id='line_1_15' title="bbox 212 1347 541 1397; baseline 0.003 -12"><span class='ocrx_word' id='word_1_52' title='bbox 212 1347 312 1386; x_wconf 86' lang='lat' dir='ltr'><strong>Unde</strong></span> <span class='ocrx_word' id='word_1_53' title='bbox 327 1348 541 1397; x_wconf 79' lang='lat' dir='ltr'><strong>egreditur?</strong></span> 
     </span>
     <span class='ocr_line' id='line_1_16' title="bbox 758 1420 892 1447; baseline -0.007 -1"><span class='ocrx_word' id='word_1_54' title='bbox 758 1420 892 1447; x_wconf 65' lang='lat' dir='ltr'>nnus.</span> 
     </span>
     <span class='ocr_line' id='line_1_17' title="bbox 518 1466 1136 1517; baseline -0.003 -11"><span class='ocrx_word' id='word_1_55' title='bbox 518 1469 598 1506; x_wconf 82' lang='lat' dir='ltr'><strong>Meo</strong></span> <span class='ocrx_word' id='word_1_56' title='bbox 617 1466 790 1517; x_wconf 83' lang='lat' dir='ltr'><strong>praesidio</strong></span> <span class='ocrx_word' id='word_1_57' title='bbox 802 1471 914 1516; x_wconf 86' lang='lat' dir='ltr'><strong>atque</strong></span> <span class='ocrx_word' id='word_1_58' title='bbox 933 1466 1136 1516; x_wconf 85' lang='lat' dir='ltr'><strong>hospitis...</strong></span> 
     </span>
     <span class='ocr_line' id='line_1_18' title="bbox 777 1525 1026 1565; baseline -0.008 0"><span class='ocrx_word' id='word_1_59' title='bbox 777 1538 879 1565; x_wconf 68' lang='lat' dir='ltr'><strong>suno.</strong></span> <span class='ocrx_word' id='word_1_60' title='bbox 1019 1525 1026 1529; x_wconf 82' lang='lat'>&#39;</span> 
     </span>
     <span class='ocr_line' id='line_1_19' title="bbox 1050 1581 1445 1629; baseline -0.005 -8"><span class='ocrx_word' id='word_1_61' title='bbox 1050 1582 1146 1629; x_wconf 82' lang='lat' dir='ltr'><strong>de</strong></span> <span class='ocrx_word' id='word_1_62' title='bbox 1159 1581 1251 1620; x_wconf 84' lang='lat' dir='ltr'>111ud</span> <span class='ocrx_word' id='word_1_63' title='bbox 1264 1581 1354 1620; x_wconf 88' lang='lat' dir='ltr'><strong>mali</strong></span> <span class='ocrx_word' id='word_1_64' title='bbox 1364 1583 1445 1620; x_wconf 79' lang='lat' dir='ltr'><strong>est?</strong></span> 
     </span>
     <span class='ocr_line' id='line_1_20' title="bbox 758 1655 891 1682; baseline -0.015 0"><span class='ocrx_word' id='word_1_65' title='bbox 758 1655 891 1682; x_wconf 68' lang='lat' dir='ltr'><strong>nnus.</strong></span> 
     </span>
     <span class='ocr_line' id='line_1_21' title="bbox 209 1701 1395 1753; baseline -0.003 -12"><span class='ocrx_word' id='word_1_66' title='bbox 209 1705 283 1752; x_wconf 83' lang='lat' dir='ltr'><strong>Ego</strong></span> <span class='ocrx_word' id='word_1_67' title='bbox 297 1702 590 1743; x_wconf 84' lang='lat' dir='ltr'><strong>commodiorem</strong></span> <span class='ocrx_word' id='word_1_68' title='bbox 601 1703 809 1752; x_wconf 83' lang='lat' dir='ltr'><strong>hominem,</strong></span> <span class='ocrx_word' id='word_1_69' title='bbox 822 1705 1035 1752; x_wconf 88' lang='lat' dir='ltr'><strong>adventum,</strong></span> <span class='ocrx_word' id='word_1_70' title='bbox 1047 1707 1210 1753; x_wconf 87' lang='lat' dir='ltr'><strong>tempus,</strong></span> <span class='ocrx_word' id='word_1_71' title='bbox 1220 1713 1296 1740; x_wconf 94' lang='lat' dir='ltr'><strong>non</strong></span> <span class='ocrx_word' id='word_1_72' title='bbox 1309 1701 1395 1739; x_wconf 84' lang='lat' dir='ltr'>vidi.</span> 
     </span>
     <span class='ocr_line' id='line_1_22' title="bbox 776 1775 876 1802; baseline -0.01 -1"><span class='ocrx_word' id='word_1_73' title='bbox 776 1775 876 1802; x_wconf 80' lang='lat' dir='ltr'><strong>smo-</strong></span> 
     </span>
     <span class='ocr_line' id='line_1_23' title="bbox 1303 1818 1445 1866; baseline -0.014 -9"><span class='ocrx_word' id='word_1_74' title='bbox 1303 1818 1445 1866; x_wconf 73' lang='lat' dir='ltr'><strong>scelus,</strong></span> 
     </span>
     <span class='ocr_line' id='line_1_24' title="bbox 209 1879 655 1925; baseline 0 -7"><span class='ocrx_word' id='word_1_75' title='bbox 209 1881 414 1925; x_wconf 85' lang='lat' dir='ltr'><strong>Quemnam</strong></span> <span class='ocrx_word' id='word_1_76' title='bbox 430 1879 491 1918; x_wconf 90' lang='lat' dir='ltr'><strong>hic</strong></span> <span class='ocrx_word' id='word_1_77' title='bbox 505 1880 655 1918; x_wconf 79' lang='lat' dir='ltr'><strong>laudat?</strong></span> 
     </span>
     <span class='ocr_line' id='line_1_25' title="bbox 762 1950 894 1977; baseline 0.008 -1"><span class='ocrx_word' id='word_1_78' title='bbox 762 1950 894 1977; x_wconf 73' lang='lat' dir='ltr'><strong>mvus.</strong></span> 
     </span>
     <span class='ocr_line' id='line_1_26' title="bbox 611 1996 1163 2046; baseline -0.004 -11"><span class='ocrx_word' id='word_1_79' title='bbox 611 1997 739 2035; x_wconf 85' lang='lat' dir='ltr'><strong>Omnis</strong></span> <span class='ocrx_word' id='word_1_80' title='bbox 755 2009 815 2036; x_wconf 89' lang='lat' dir='ltr'><strong>res</strong></span> <span class='ocrx_word' id='word_1_81' title='bbox 833 2003 890 2036; x_wconf 88' lang='lat' dir='ltr'><strong>est</strong></span> <span class='ocrx_word' id='word_1_82' title='bbox 905 1996 1038 2046; x_wconf 86' lang='lat' dir='ltr'><strong>jamin</strong></span> <span class='ocrx_word' id='word_1_83' title='bbox 1058 1996 1163 2034; x_wconf 85' lang='lat' dir='ltr'><strong>vado.</strong></span> 
     </span>
     <span class='ocr_line' id='line_1_27' title="bbox 781 2069 882 2096; baseline 0.01 -1"><span class='ocrx_word' id='word_1_84' title='bbox 781 2069 882 2096; x_wconf 77' lang='lat' dir='ltr'><strong>smo-</strong></span> 
     </span>
     <span class='ocr_line' id='line_1_28' title="bbox 1142 2111 1446 2157; baseline -0.013 -5"><span class='ocrx_word' id='word_1_85' title='bbox 1142 2116 1251 2152; x_wconf 85' lang='lat' dir='ltr'><strong>Cesso</strong></span> <span class='ocrx_word' id='word_1_86' title='bbox 1267 2111 1446 2157; x_wconf 73' lang='lat' dir='ltr'><strong>adloqul?</strong></span> 
     </span>
     <span class='ocr_line' id='line_1_29' title="bbox 761 2186 892 2214; baseline -0.008 -1"><span class='ocrx_word' id='word_1_87' title='bbox 761 2186 892 2214; x_wconf 71' lang='lat' dir='ltr'><strong>nnus.</strong></span> 
     </span>
     <span class='ocr_line' id='line_1_30' title="bbox 211 2231 678 2281; baseline 0.002 -11"><span class='ocrx_word' id='word_1_88' title='bbox 211 2234 326 2271; x_wconf 87' lang='lat' dir='ltr'><strong>Herus</strong></span> <span class='ocrx_word' id='word_1_89' title='bbox 338 2235 394 2270; x_wconf 85' lang='lat' dir='ltr'><strong>est</strong></span> <span class='ocrx_word' id='word_1_90' title='bbox 410 2244 420 2270; x_wconf 74' lang='grc' dir='ltr'>ε</span> <span class='ocrx_word' id='word_1_91' title='bbox 438 2231 528 2280; x_wconf 88' lang='lat' dir='ltr'>quid</span> <span class='ocrx_word' id='word_1_92' title='bbox 544 2235 678 2281; x_wconf 78' lang='lat' dir='ltr'><strong>agam?</strong></span> 
     </span>
    </p>
   </div>
   <div class='ocr_carea' id='block_1_9' title="bbox 211 2319 1444 2398">
    <p class='ocr_par' dir='ltr' id='par_1_11' title="bbox 211 2319 1444 2398">
     <span class='ocr_line' id='line_1_31' title="bbox 246 2319 1444 2357; baseline -0.003 -9"><span class='ocrx_word' id='word_1_93' title='bbox 246 2322 273 2348; x_wconf 81' lang='lat'><strong>1.</strong></span> <span class='ocrx_word' id='word_1_94' title='bbox 291 2319 370 2348; x_wconf 73' lang='lat' dir='ltr'>Ainsi</span> <span class='ocrx_word' id='word_1_95' title='bbox 381 2319 410 2347; x_wconf 78' lang='lat' dir='ltr'><strong>la</strong></span> <span class='ocrx_word' id='word_1_96' title='bbox 421 2327 488 2347; x_wconf 85' lang='lat' dir='ltr'><strong>ruse</strong></span> <span class='ocrx_word' id='word_1_97' title='bbox 503 2320 538 2347; x_wconf 87' lang='lat' dir='ltr'><strong>de</strong></span> <span class='ocrx_word' id='word_1_98' title='bbox 551 2323 627 2349; x_wconf 84' lang='lat' dir='ltr'><strong>Dave</strong></span> <span class='ocrx_word' id='word_1_99' title='bbox 640 2330 656 2349; x_wconf 71' lang='lat' dir='ltr'>a</span> <span class='ocrx_word' id='word_1_100' title='bbox 671 2322 875 2357; x_wconf 80' lang='lat' dir='ltr'><strong>parsaitemeut</strong></span> <span class='ocrx_word' id='word_1_101' title='bbox 888 2320 986 2348; x_wconf 75' lang='lat' dir='ltr'><strong>reussi.</strong></span> <span class='ocrx_word' id='word_1_102' title='bbox 1003 2319 1041 2348; x_wconf 83' lang='lat' dir='ltr'><strong>Et</strong></span> <span class='ocrx_word' id='word_1_103' title='bbox 1054 2328 1162 2348; x_wconf 84' lang='lat' dir='ltr'><strong>comme</strong></span> <span class='ocrx_word' id='word_1_104' title='bbox 1177 2320 1206 2348; x_wconf 76' lang='lat' dir='ltr'><strong>la</strong></span> <span class='ocrx_word' id='word_1_105' title='bbox 1218 2319 1353 2348; x_wconf 70' lang='lat' dir='ltr'><strong>reflexion</strong></span> <span class='ocrx_word' id='word_1_106' title='bbox 1365 2321 1444 2347; x_wconf 77' lang='lat' dir='ltr'><strong>toute</strong></span> 
     </span>
     <span class='ocr_line' id='line_1_32' title="bbox 211 2360 1208 2398; baseline 0.002 -10"><span class='ocrx_word' id='word_1_107' title='bbox 211 2360 352 2389; x_wconf 62' lang='lat' dir='ltr'><strong>natus-elle</strong></span> <span class='ocrx_word' id='word_1_108' title='bbox 364 2360 400 2388; x_wconf 85' lang='lat' dir='ltr'><strong>de</strong></span> <span class='ocrx_word' id='word_1_109' title='bbox 411 2360 543 2389; x_wconf 72' lang='lat' dir='ltr'><strong>Clu-emes</strong></span> <span class='ocrx_word' id='word_1_110' title='bbox 556 2365 599 2389; x_wconf 86' lang='lat' dir='ltr'><strong>est</strong></span> <span class='ocrx_word' id='word_1_111' title='bbox 614 2370 651 2389; x_wconf 87' lang='lat' dir='ltr'><strong>un</strong></span> <span class='ocrx_word' id='word_1_112' title='bbox 660 2362 802 2390; x_wconf 84' lang='lat' dir='ltr'><strong>excellent</strong></span> <span class='ocrx_word' id='word_1_113' title='bbox 813 2371 916 2398; x_wconf 77' lang='lat' dir='ltr'><strong>moyen</strong></span> <span class='ocrx_word' id='word_1_114' title='bbox 927 2361 1050 2389; x_wconf 83' lang='lat' dir='ltr'><strong>d&#39;action</strong></span> <span class='ocrx_word' id='word_1_115' title='bbox 1062 2362 1208 2398; x_wconf 76' lang='lat' dir='ltr'><strong>comique!</strong></span> 
     </span>
    </p>
   </div>
   <div class='ocr_carea' id='block_1_10' title="bbox 1494 0 1586 2658">
    <p class='ocr_par' dir='ltr' id='par_1_12' title="bbox 1494 0 1586 2658">
     <span class='ocr_line' id='line_1_33' title="bbox 1494 0 1586 2658; baseline 0 0"><span class='ocrx_word' id='word_1_116' title='bbox 1494 0 1586 2658; x_wconf 95' lang='lat' dir='ltr'><strong> </strong></span> 
     </span>
    </p>
   </div>
  </div>
 </body>
</html>
