<?xml version="1.0" encoding="UTF-8"?>
<!DOCTYPE html PUBLIC "-//W3C//DTD XHTML 1.0 Transitional//EN"
    "http://www.w3.org/TR/xhtml1/DTD/xhtml1-transitional.dtd">
<html xmlns="http://www.w3.org/1999/xhtml" xml:lang="en" lang="en">
 <head>
  <title>
</title>
<meta http-equiv="Content-Type" content="text/html;charset=utf-8" />
  <meta name='ocr-system' content='tesseract 3.04.00' />
  <meta name='ocr-capabilities' content='ocr_page ocr_carea ocr_par ocr_line ocrx_word'/>
</head>
<body>
  <div class='ocr_page' id='page_1' title='image "./comdiesdetre01tereuoft_0102.png"; bbox 0 0 1586 2658; ppageno 0'>
   <div class='ocr_carea' id='block_1_1' title="bbox 175 178 899 241">
    <p class='ocr_par' dir='ltr' id='par_1_1' title="bbox 175 178 899 241">
     <span class='ocr_line' id='line_1_1' title="bbox 175 178 899 241; baseline 0 -1"><span class='ocrx_word' id='word_1_1' title='bbox 175 204 223 240; x_wconf 74' lang='grc' dir='ltr'><strong>ιο</strong></span> <span class='ocrx_word' id='word_1_2' title='bbox 553 178 555 180; x_wconf 55' lang='grc'><strong>’</strong></span> <span class='ocrx_word' id='word_1_3' title='bbox 690 202 899 241; x_wconf 76' lang='lat' dir='ltr'><strong>ANDRIA.</strong></span> 
     </span>
    </p>
   </div>
   <div class='ocr_carea' id='block_1_2' title="bbox 174 295 1413 627">
    <p class='ocr_par' dir='ltr' id='par_1_2' title="bbox 174 295 1413 627">
     <span class='ocr_line' id='line_1_2' title="bbox 722 295 874 323; baseline 0.013 -2"><span class='ocrx_word' id='word_1_4' title='bbox 722 295 874 323; x_wconf 71' lang='lat' dir='ltr'><strong>nunu.</strong></span> 
     </span>
     <span class='ocr_line' id='line_1_3' title="bbox 1271 338 1413 379; baseline 0 -1"><span class='ocrx_word' id='word_1_5' title='bbox 1271 338 1332 379; x_wconf 75' lang='lat' dir='ltr'><strong>SIe</strong></span> <span class='ocrx_word' id='word_1_6' title='bbox 1342 341 1413 378; x_wconf 71' lang='lat' dir='ltr'><strong>est·</strong></span> 
     </span>
     <span class='ocr_line' id='line_1_4' title="bbox 696 411 893 439; baseline -0.005 0"><span class='ocrx_word' id='word_1_7' title='bbox 696 411 893 439; x_wconf 70' lang='lat' dir='ltr'><strong>emamus.</strong></span> 
     </span>
     <span class='ocr_line' id='line_1_5' title="bbox 174 459 353 509; baseline -0.006 -9"><span class='ocrx_word' id='word_1_8' title='bbox 174 460 244 508; x_wconf 85' lang='lat' dir='ltr'><strong>Qui</strong></span> <span class='ocrx_word' id='word_1_9' title='bbox 257 459 353 509; x_wconf 73' lang='lat' dir='ltr'><strong>seis?</strong></span> 
     </span>
     <span class='ocr_line' id='line_1_6' title="bbox 721 529 874 556; baseline -0.007 0"><span class='ocrx_word' id='word_1_10' title='bbox 721 529 874 556; x_wconf 72' lang='lat' dir='ltr'><strong>enum.</strong></span> 
     </span>
     <span class='ocr_line' id='line_1_7' title="bbox 364 576 1007 627; baseline 0 -12"><span class='ocrx_word' id='word_1_11' title='bbox 364 577 470 627; x_wconf 79' lang='lat' dir='ltr'><strong>Apud</strong></span> <span class='ocrx_word' id='word_1_12' title='bbox 486 576 609 616; x_wconf 79' lang='lat' dir='ltr'><strong>forum</strong></span> <span class='ocrx_word' id='word_1_13' title='bbox 624 576 735 615; x_wconf 88' lang='lat' dir='ltr'><strong>modo</strong></span> <span class='ocrx_word' id='word_1_14' title='bbox 747 588 768 614; x_wconf 83' lang='lat' dir='ltr'><strong>e</strong></span> <span class='ocrx_word' id='word_1_15' title='bbox 781 579 879 615; x_wconf 89' lang='lat' dir='ltr'><strong>Davo</strong></span> <span class='ocrx_word' id='word_1_16' title='bbox 891 576 1007 615; x_wconf 87' lang='lat' dir='ltr'><strong>audii.</strong></span> 
     </span>
    </p>
   </div>
   <div class='ocr_carea' id='block_1_3' title="bbox 690 646 1361 731">
    <p class='ocr_par' dir='ltr' id='par_1_3' title="bbox 690 646 1361 731">
     <span class='ocr_line' id='line_1_8' title="bbox 690 646 888 674; baseline 0 0"><span class='ocrx_word' id='word_1_17' title='bbox 690 646 888 674; x_wconf 68' lang='lat' dir='ltr'><strong>emamus.</strong></span> 
     </span>
     <span class='ocr_line' id='line_1_9' title="bbox 1025 691 1361 731; baseline 0 -2"><span class='ocrx_word' id='word_1_18' title='bbox 1025 695 1086 731; x_wconf 81' lang='lat' dir='ltr'><strong>Vae</strong></span> <span class='ocrx_word' id='word_1_19' title='bbox 1102 693 1239 731; x_wconf 85' lang='lat' dir='ltr'><strong>misero</strong></span> <span class='ocrx_word' id='word_1_20' title='bbox 1256 691 1361 729; x_wconf 86' lang='lat' dir='ltr'><strong>mihi.</strong></span> 
     </span>
    </p>
   </div>
   <div class='ocr_carea' id='block_1_4' title="bbox 169 749 1409 1200">
    <p class='ocr_par' dir='ltr' id='par_1_4' title="bbox 170 749 1409 908">
     <span class='ocr_line' id='line_1_10' title="bbox 172 749 1407 803; baseline -0.002 -13"><span class='ocrx_word' id='word_1_21' title='bbox 172 755 217 791; x_wconf 91' lang='lat' dir='ltr'><strong>Ut</strong></span> <span class='ocrx_word' id='word_1_22' title='bbox 228 752 373 791; x_wconf 84' lang='lat' dir='ltr'><strong>animus</strong></span> <span class='ocrx_word' id='word_1_23' title='bbox 388 753 427 790; x_wconf 91' lang='lat' dir='ltr'><strong>in</strong></span> <span class='ocrx_word' id='word_1_24' title='bbox 441 763 507 802; x_wconf 84' lang='lat' dir='ltr'><strong>spe</strong></span> <span class='ocrx_word' id='word_1_25' title='bbox 520 757 630 803; x_wconf 84' lang='lat' dir='ltr'><strong>atque</strong></span> <span class='ocrx_word' id='word_1_26' title='bbox 644 753 680 791; x_wconf 89' lang='lat' dir='ltr'><strong>in</strong></span> <span class='ocrx_word' id='word_1_27' title='bbox 696 753 831 792; x_wconf 86' lang='lat' dir='ltr'><strong>timore</strong></span> <span class='ocrx_word' id='word_1_28' title='bbox 844 762 962 801; x_wconf 88' lang='lat' dir='ltr'><strong>usque</strong></span> <span class='ocrx_word' id='word_1_29' title='bbox 974 751 1130 790; x_wconf 85' lang='lat' dir='ltr'><strong>antehac</strong></span> <span class='ocrx_word' id='word_1_30' title='bbox 1142 751 1314 789; x_wconf 79' lang='lat' dir='ltr'><strong>adtentus</strong></span> <span class='ocrx_word' id='word_1_31' title='bbox 1326 749 1407 793; x_wconf 85' lang='lat' dir='ltr'><strong>suit,</strong></span> 
     </span>
     <span class='ocr_line' id='line_1_11' title="bbox 170 810 1409 862; baseline -0.002 -14"><span class='ocrx_word' id='word_1_32' title='bbox 170 813 223 849; x_wconf 83' lang='lat' dir='ltr'><strong>lta</strong></span> <span class='ocrx_word' id='word_1_33' title='bbox 236 815 435 860; x_wconf 79' lang='lat' dir='ltr'><strong>postquam</strong></span> <span class='ocrx_word' id='word_1_34' title='bbox 450 811 625 861; x_wconf 86' lang='lat' dir='ltr'><strong>adempta</strong></span> <span class='ocrx_word' id='word_1_35' title='bbox 637 822 722 862; x_wconf 87' lang='lat' dir='ltr'><strong>spes</strong></span> <span class='ocrx_word' id='word_1_36' title='bbox 737 815 808 858; x_wconf 88' lang='lat' dir='ltr'><strong>est,</strong></span> <span class='ocrx_word' id='word_1_37' title='bbox 822 811 955 858; x_wconf 86' lang='lat' dir='ltr'><strong>lassus,</strong></span> <span class='ocrx_word' id='word_1_38' title='bbox 968 821 1058 849; x_wconf 84' lang='lat' dir='ltr'><strong>eura</strong></span> <span class='ocrx_word' id='word_1_39' title='bbox 1069 810 1258 848; x_wconf 79' lang='lat' dir='ltr'><strong>confectus</strong></span> <span class='ocrx_word' id='word_1_40' title='bbox 1271 811 1409 857; x_wconf 81' lang='lat' dir='ltr'><strong>stupet.</strong></span> 
     </span>
     <span class='ocr_line' id='line_1_12' title="bbox 715 881 867 908; baseline -0.007 -1"><span class='ocrx_word' id='word_1_41' title='bbox 715 881 867 908; x_wconf 61' lang='grc' dir='ltr'><strong>ΒΗΜΛ.</strong></span> 
     </span>
    </p>

    <p class='ocr_par' dir='ltr' id='par_1_5' title="bbox 169 925 1408 978">
     <span class='ocr_line' id='line_1_13' title="bbox 169 925 1408 978; baseline -0.003 -11"><span class='ocrx_word' id='word_1_42' title='bbox 169 930 299 974; x_wconf 85' lang='lat' dir='ltr'><strong>Quaeso</strong></span> <span class='ocrx_word' id='word_1_43' title='bbox 314 927 460 978; x_wconf 88' lang='lat' dir='ltr'><strong>edepol,</strong></span> <span class='ocrx_word' id='word_1_44' title='bbox 477 928 650 976; x_wconf 81' lang='lat' dir='ltr'>Charine,</span> <span class='ocrx_word' id='word_1_45' title='bbox 662 928 838 977; x_wconf 85' lang='lat' dir='ltr'><strong>quoniam</strong></span> <span class='ocrx_word' id='word_1_46' title='bbox 850 938 926 966; x_wconf 93' lang='lat' dir='ltr'><strong>non</strong></span> <span class='ocrx_word' id='word_1_47' title='bbox 939 930 1061 976; x_wconf 86' lang='lat' dir='ltr'><strong>potest</strong></span> <span class='ocrx_word' id='word_1_48' title='bbox 1071 926 1111 965; x_wconf 90' lang='lat' dir='ltr'><strong>id</strong></span> <span class='ocrx_word' id='word_1_49' title='bbox 1124 926 1220 974; x_wconf 81' lang='lat' dir='ltr'><strong>fieri,</strong></span> <span class='ocrx_word' id='word_1_50' title='bbox 1232 926 1335 975; x_wconf 88' lang='lat' dir='ltr'><strong>quod</strong></span> <span class='ocrx_word' id='word_1_51' title='bbox 1341 925 1408 973; x_wconf 85' lang='lat' dir='ltr'><strong>vis,</strong></span> 
     </span>
    </p>

    <p class='ocr_par' dir='ltr' id='par_1_6' title="bbox 171 983 1252 1200">
     <span class='ocr_line' id='line_1_14' title="bbox 171 983 586 1037; baseline -0.002 -12"><span class='ocrx_word' id='word_1_52' title='bbox 171 986 210 1025; x_wconf 88' lang='lat' dir='ltr'><strong>ld</strong></span> <span class='ocrx_word' id='word_1_53' title='bbox 221 983 327 1033; x_wconf 79' lang='lat' dir='ltr'><strong>velis,</strong></span> <span class='ocrx_word' id='word_1_54' title='bbox 341 987 442 1036; x_wconf 90' lang='lat' dir='ltr'><strong>quod</strong></span> <span class='ocrx_word' id='word_1_55' title='bbox 455 987 586 1037; x_wconf 85' lang='lat' dir='ltr'><strong>possit.</strong></span> 
     </span>
     <span class='ocr_line' id='line_1_15' title="bbox 267 1041 891 1083; baseline -0.003 1"><span class='ocrx_word' id='word_1_56' title='bbox 267 1041 270 1046; x_wconf 73' lang='grc'><strong>’</strong></span> <span class='ocrx_word' id='word_1_57' title='bbox 693 1055 891 1083; x_wconf 76' lang='lat' dir='ltr'>CHARINUS.</span> 
     </span>
     <span class='ocr_line' id='line_1_16' title="bbox 595 1102 1252 1142; baseline -0.005 0"><span class='ocrx_word' id='word_1_58' title='bbox 595 1103 654 1142; x_wconf 90' lang='lat' dir='ltr'><strong>Nil</strong></span> <span class='ocrx_word' id='word_1_59' title='bbox 669 1103 754 1142; x_wconf 84' lang='lat' dir='ltr'><strong>volo</strong></span> <span class='ocrx_word' id='word_1_60' title='bbox 773 1103 876 1142; x_wconf 89' lang='lat' dir='ltr'><strong>aliud</strong></span> <span class='ocrx_word' id='word_1_61' title='bbox 895 1103 966 1142; x_wconf 80' lang='lat' dir='ltr'><strong>nisi</strong></span> <span class='ocrx_word' id='word_1_62' title='bbox 984 1102 1252 1142; x_wconf 85' lang='lat' dir='ltr'><strong>Philumenam.</strong></span> 
     </span>
     <span class='ocr_line' id='line_1_17' title="bbox 715 1174 867 1200; baseline 0 0"><span class='ocrx_word' id='word_1_63' title='bbox 715 1174 867 1200; x_wconf 70' lang='lat' dir='ltr'><strong>mmm.</strong></span> 
     </span>
    </p>
   </div>
   <div class='ocr_carea' id='block_1_5' title="bbox 167 1219 1407 1565">
    <p class='ocr_par' dir='ltr' id='par_1_7' title="bbox 167 1219 1407 1565">
     <span class='ocr_line' id='line_1_18' title="bbox 1269 1219 1341 1266; baseline 0 0"><span class='ocrx_word' id='word_1_64' title='bbox 1269 1219 1341 1266; x_wconf 75' lang='lat' dir='ltr'><strong>Ah,</strong></span> 
     </span>
     <span class='ocr_line' id='line_1_19' title="bbox 167 1279 1407 1331; baseline -0.003 -11"><span class='ocrx_word' id='word_1_65' title='bbox 167 1284 312 1328; x_wconf 84' lang='lat' dir='ltr'><strong>Quanto</strong></span> <span class='ocrx_word' id='word_1_66' title='bbox 323 1281 454 1321; x_wconf 83' lang='lat' dir='ltr'><strong>satiust</strong></span> <span class='ocrx_word' id='word_1_67' title='bbox 464 1286 501 1321; x_wconf 85' lang='lat' dir='ltr'><strong>te</strong></span> <span class='ocrx_word' id='word_1_68' title='bbox 513 1282 552 1320; x_wconf 92' lang='lat' dir='ltr'><strong>id</strong></span> <span class='ocrx_word' id='word_1_69' title='bbox 564 1282 654 1320; x_wconf 86' lang='lat' dir='ltr'><strong>dare</strong></span> <span class='ocrx_word' id='word_1_70' title='bbox 668 1292 836 1331; x_wconf 84' lang='lat' dir='ltr'><strong>operam,</strong></span> <span class='ocrx_word' id='word_1_71' title='bbox 850 1280 915 1329; x_wconf 86' lang='lat' dir='ltr'><strong>qui</strong></span> <span class='ocrx_word' id='word_1_72' title='bbox 925 1281 1037 1323; x_wconf 83' lang='lat' dir='ltr'><strong>istum</strong></span> <span class='ocrx_word' id='word_1_73' title='bbox 1051 1291 1218 1322; x_wconf 86' lang='lat' dir='ltr'><strong>amorem</strong></span> <span class='ocrx_word' id='word_1_74' title='bbox 1230 1291 1275 1318; x_wconf 83' lang='lat' dir='ltr'><strong>ex</strong></span> <span class='ocrx_word' id='word_1_75' title='bbox 1283 1279 1407 1317; x_wconf 87' lang='lat' dir='ltr'><strong>animo</strong></span> 
     </span>
     <span class='ocr_line' id='line_1_20' title="bbox 218 1331 1345 1389; baseline -0.001 -11"><span class='ocrx_word' id='word_1_76' title='bbox 218 1351 405 1389; x_wconf 82' lang='lat' dir='ltr'><strong>amoveas,</strong></span> <span class='ocrx_word' id='word_1_77' title='bbox 1341 1331 1345 1334; x_wconf 50' lang='lat'><em>⁷</em></span> 
     </span>
     <span class='ocr_line' id='line_1_21' title="bbox 168 1397 1335 1449; baseline -0.003 -12"><span class='ocrx_word' id='word_1_78' title='bbox 168 1401 285 1445; x_wconf 86' lang='lat' dir='ltr'><strong>Quam</strong></span> <span class='ocrx_word' id='word_1_79' title='bbox 303 1399 342 1438; x_wconf 91' lang='lat' dir='ltr'><strong>id</strong></span> <span class='ocrx_word' id='word_1_80' title='bbox 360 1399 478 1449; x_wconf 93' lang='lat' dir='ltr'><strong>loqui,</strong></span> <span class='ocrx_word' id='word_1_81' title='bbox 495 1410 570 1448; x_wconf 91' lang='lat' dir='ltr'><strong>quo</strong></span> <span class='ocrx_word' id='word_1_82' title='bbox 588 1397 706 1448; x_wconf 83' lang='lat' dir='ltr'><strong>magis</strong></span> <span class='ocrx_word' id='word_1_83' title='bbox 723 1398 853 1437; x_wconf 88' lang='lat' dir='ltr'><strong>lubido</strong></span> <span class='ocrx_word' id='word_1_84' title='bbox 870 1398 1009 1436; x_wconf 84' lang='lat' dir='ltr'><strong>frustra</strong></span> <span class='ocrx_word' id='word_1_85' title='bbox 1024 1397 1241 1437; x_wconf 81' lang='lat' dir='ltr'><strong>incendatur</strong></span> <span class='ocrx_word' id='word_1_86' title='bbox 1258 1400 1335 1435; x_wconf 86' lang='lat' dir='ltr'><strong>tua.</strong></span> 
     </span>
     <span class='ocr_line' id='line_1_22' title="bbox 691 1469 886 1495; baseline 0 0"><span class='ocrx_word' id='word_1_87' title='bbox 691 1469 886 1495; x_wconf 67' lang='lat' dir='ltr'><strong>emamus.</strong></span> 
     </span>
     <span class='ocr_line' id='line_1_23' title="bbox 168 1514 1358 1565; baseline -0.004 -10"><span class='ocrx_word' id='word_1_88' title='bbox 168 1516 287 1555; x_wconf 86' lang='lat' dir='ltr'><strong>Facile</strong></span> <span class='ocrx_word' id='word_1_89' title='bbox 300 1527 444 1564; x_wconf 89' lang='lat' dir='ltr'><strong>omnes,</strong></span> <span class='ocrx_word' id='word_1_90' title='bbox 455 1527 571 1565; x_wconf 87' lang='lat' dir='ltr'><strong>quum</strong></span> <span class='ocrx_word' id='word_1_91' title='bbox 584 1516 761 1559; x_wconf 83' lang='lat' dir='ltr'><strong>valemus,</strong></span> <span class='ocrx_word' id='word_1_92' title='bbox 775 1521 876 1554; x_wconf 79' lang='lat' dir='ltr'><strong>recta</strong></span> <span class='ocrx_word' id='word_1_93' title='bbox 887 1515 1041 1554; x_wconf 84' lang='lat' dir='ltr'><strong>consilia</strong></span> <span class='ocrx_word' id='word_1_94' title='bbox 1053 1515 1201 1563; x_wconf 67' lang='lat' dir='ltr'><strong>aegrotis</strong></span> <span class='ocrx_word' id='word_1_95' title='bbox 1213 1514 1358 1552; x_wconf 84' lang='lat' dir='ltr'><strong>damus.</strong></span> 
     </span>
    </p>
   </div>
   <div class='ocr_carea' id='block_1_6' title="bbox 169 1575 703 1626">
    <p class='ocr_par' dir='ltr' id='par_1_8' title="bbox 169 1575 703 1626">
     <span class='ocr_line' id='line_1_24' title="bbox 169 1575 703 1626; baseline -0.002 -12"><span class='ocrx_word' id='word_1_96' title='bbox 169 1580 222 1615; x_wconf 85' lang='lat' dir='ltr'><strong>Tu</strong></span> <span class='ocrx_word' id='word_1_97' title='bbox 235 1577 266 1615; x_wconf 88' lang='lat' dir='ltr'><strong>si</strong></span> <span class='ocrx_word' id='word_1_98' title='bbox 279 1577 339 1615; x_wconf 90' lang='lat' dir='ltr'><strong>hic</strong></span> <span class='ocrx_word' id='word_1_99' title='bbox 351 1577 417 1626; x_wconf 87' lang='lat' dir='ltr'><strong>sis,</strong></span> <span class='ocrx_word' id='word_1_100' title='bbox 431 1576 540 1615; x_wconf 79' lang='lat' dir='ltr'><strong>aliter</strong></span> <span class='ocrx_word' id='word_1_101' title='bbox 553 1575 703 1614; x_wconf 87' lang='lat' dir='ltr'><strong>sentias.</strong></span> 
     </span>
    </p>
   </div>
   <div class='ocr_carea' id='block_1_7' title="bbox 713 1705 1086 1801">
    <p class='ocr_par' dir='ltr' id='par_1_9' title="bbox 713 1705 1086 1801">
     <span class='ocr_line' id='line_1_25' title="bbox 714 1705 864 1731; baseline -0.02 0"><span class='ocrx_word' id='word_1_102' title='bbox 714 1705 864 1731; x_wconf 69' lang='lat' dir='ltr'><strong>ernau.</strong></span> 
     </span>
     <span class='ocr_line' id='line_1_26' title="bbox 713 1751 1086 1801; baseline 0 -11"><span class='ocrx_word' id='word_1_103' title='bbox 713 1755 804 1800; x_wconf 78' lang='lat' dir='ltr'><strong>Age,</strong></span> <span class='ocrx_word' id='word_1_104' title='bbox 818 1762 901 1801; x_wconf 87' lang='lat' dir='ltr'><strong>age,</strong></span> <span class='ocrx_word' id='word_1_105' title='bbox 918 1755 958 1790; x_wconf 94' lang='lat' dir='ltr'><strong>ut</strong></span> <span class='ocrx_word' id='word_1_106' title='bbox 968 1751 1086 1790; x_wconf 85' lang='lat' dir='ltr'><strong>lubet.</strong></span> 
     </span>
    </p>
   </div>
   <div class='ocr_carea' id='block_1_8' title="bbox 653 1906 924 1947">
    <p class='ocr_par' dir='ltr' id='par_1_10' title="bbox 653 1906 924 1947">
     <span class='ocr_line' id='line_1_27' title="bbox 653 1906 924 1947; baseline -0.004 0"><span class='ocrx_word' id='word_1_107' title='bbox 653 1906 840 1947; x_wconf 84' lang='lat' dir='ltr'>SCENA</span> <span class='ocrx_word' id='word_1_108' title='bbox 867 1906 924 1947; x_wconf 92' lang='lat' dir='ltr'><strong>II.</strong></span> 
     </span>
    </p>
   </div>
   <div class='ocr_carea' id='block_1_9' title="bbox 380 2031 1188 2073">
    <p class='ocr_par' dir='ltr' id='par_1_11' title="bbox 380 2031 1188 2073">
     <span class='ocr_line' id='line_1_28' title="bbox 380 2031 1188 2073; baseline 0.001 -7"><span class='ocrx_word' id='word_1_109' title='bbox 380 2032 626 2066; x_wconf 80' lang='lat' dir='ltr'><strong>CHARINUS</strong></span> <span class='ocrx_word' id='word_1_110' title='bbox 639 2058 648 2071; x_wconf 85' lang='lat'><strong>.</strong></span> <span class='ocrx_word' id='word_1_111' title='bbox 676 2033 874 2073; x_wconf 79' lang='lat' dir='ltr'><strong>BYRRIA,</strong></span> <span class='ocrx_word' id='word_1_112' title='bbox 900 2031 1188 2067; x_wconf 80' lang='lat' dir='ltr'><strong>PAMPHILUS.</strong></span> 
     </span>
    </p>
   </div>
   <div class='ocr_carea' id='block_1_10' title="bbox 689 2177 1403 2274">
    <p class='ocr_par' dir='ltr' id='par_1_12' title="bbox 689 2177 1403 2274">
     <span class='ocr_line' id='line_1_29' title="bbox 689 2177 888 2206; baseline -0.005 -1"><span class='ocrx_word' id='word_1_113' title='bbox 689 2177 888 2206; x_wconf 57' lang='lat' dir='ltr'><strong>cuminus,</strong></span> 
     </span>
     <span class='ocr_line' id='line_1_30' title="bbox 1093 2222 1403 2274; baseline -0.003 -12"><span class='ocrx_word' id='word_1_114' title='bbox 1093 2225 1162 2263; x_wconf 87' lang='lat' dir='ltr'><strong>Sed</strong></span> <span class='ocrx_word' id='word_1_115' title='bbox 1170 2222 1403 2274; x_wconf 83' lang='lat' dir='ltr'><strong>Pamphilum</strong></span> 
     </span>
    </p>
   </div>
   <div class='ocr_carea' id='block_1_11' title="bbox 168 2283 1182 2335">
    <p class='ocr_par' dir='ltr' id='par_1_13' title="bbox 168 2283 1182 2335">
     <span class='ocr_line' id='line_1_31' title="bbox 168 2283 1182 2335; baseline 0 -14"><span class='ocrx_word' id='word_1_116' title='bbox 168 2283 295 2323; x_wconf 87' lang='lat' dir='ltr'><strong>Video.</strong></span> <span class='ocrx_word' id='word_1_117' title='bbox 311 2283 442 2323; x_wconf 83' lang='lat' dir='ltr'><strong>Omnia</strong></span> <span class='ocrx_word' id='word_1_118' title='bbox 453 2284 614 2335; x_wconf 84' lang='lat' dir='ltr'><strong>experiri</strong></span> <span class='ocrx_word' id='word_1_119' title='bbox 625 2288 803 2324; x_wconf 85' lang='lat' dir='ltr'><strong>certumst</strong></span> <span class='ocrx_word' id='word_1_120' title='bbox 816 2284 918 2334; x_wconf 86' lang='lat' dir='ltr'><strong>prius</strong></span> <span class='ocrx_word' id='word_1_121' title='bbox 930 2293 1041 2332; x_wconf 86' lang='lat' dir='ltr'><strong>quam</strong></span> <span class='ocrx_word' id='word_1_122' title='bbox 1055 2291 1182 2333; x_wconf 88' lang='lat' dir='ltr'><strong>pereo.</strong></span> 
     </span>
    </p>
   </div>
   <div class='ocr_carea' id='block_1_12' title="bbox 1551 0 1586 2658">
    <p class='ocr_par' dir='ltr' id='par_1_14' title="bbox 1551 0 1586 2658">
     <span class='ocr_line' id='line_1_32' title="bbox 1551 0 1586 2658; baseline 0 0"><span class='ocrx_word' id='word_1_123' title='bbox 1551 0 1586 2658; x_wconf 95' lang='lat' dir='ltr'><strong> </strong></span> 
     </span>
    </p>
   </div>
  </div>
 </body>
</html>
