<?xml version="1.0" encoding="UTF-8"?>
<!DOCTYPE html PUBLIC "-//W3C//DTD XHTML 1.0 Transitional//EN"
    "http://www.w3.org/TR/xhtml1/DTD/xhtml1-transitional.dtd">
<html xmlns="http://www.w3.org/1999/xhtml" xml:lang="en" lang="en">
 <head>
  <title>
</title>
<meta http-equiv="Content-Type" content="text/html;charset=utf-8" />
  <meta name='ocr-system' content='tesseract 3.04.00' />
  <meta name='ocr-capabilities' content='ocr_page ocr_carea ocr_par ocr_line ocrx_word'/>
</head>
<body>
  <div class='ocr_page' id='page_1' title='image "./comdiesdetre01tereuoft_0294.png"; bbox 0 0 1624 2632; ppageno 0'>
   <div class='ocr_carea' id='block_1_1' title="bbox 246 186 1027 227">
    <p class='ocr_par' dir='ltr' id='par_1_1' title="bbox 246 186 1027 227">
     <span class='ocr_line' id='line_1_1' title="bbox 246 186 1027 227; baseline 0.004 -5"><span class='ocrx_word' id='word_1_1' title='bbox 246 186 317 223; x_wconf 74' lang='lat'><strong>232</strong></span> <span class='ocrx_word' id='word_1_2' title='bbox 755 189 977 227; x_wconf 80' lang='lat' dir='ltr'><strong>HECYRA.</strong></span> <span class='ocrx_word' id='word_1_3' title='bbox 1021 188 1027 191; x_wconf 78' lang='grc'>’</span> 
     </span>
    </p>
   </div>
   <div class='ocr_carea' id='block_1_2' title="bbox 245 267 1443 438">
    <p class='ocr_par' dir='ltr' id='par_1_2' title="bbox 245 267 1443 438">
     <span class='ocr_line' id='line_1_2' title="bbox 246 267 1406 320; baseline 0.003 -16"><span class='ocrx_word' id='word_1_4' title='bbox 246 267 441 312; x_wconf 80' lang='lat' dir='ltr'><strong>Interdico,</strong></span> <span class='ocrx_word' id='word_1_5' title='bbox 460 279 506 307; x_wconf 91' lang='lat' dir='ltr'><strong>ne</strong></span> <span class='ocrx_word' id='word_1_6' title='bbox 526 268 700 309; x_wconf 83' lang='lat' dir='ltr'>extulisse</span> <span class='ocrx_word' id='word_1_7' title='bbox 721 274 824 308; x_wconf 86' lang='lat' dir='ltr'><strong>extra</strong></span> <span class='ocrx_word' id='word_1_8' title='bbox 841 270 931 309; x_wconf 85' lang='lat' dir='ltr'><strong>aedis</strong></span> <span class='ocrx_word' id='word_1_9' title='bbox 950 280 1108 319; x_wconf 85' lang='lat' dir='ltr'><strong>puerum</strong></span> <span class='ocrx_word' id='word_1_10' title='bbox 1126 281 1283 320; x_wconf 78' lang='lat' dir='ltr'><strong>usquam</strong></span> <span class='ocrx_word' id='word_1_11' title='bbox 1303 269 1406 308; x_wconf 81' lang='lat' dir='ltr'><strong>velis.</strong></span> 
     </span>
     <span class='ocr_line' id='line_1_3' title="bbox 245 326 1370 379; baseline 0.002 -16"><span class='ocrx_word' id='word_1_12' title='bbox 245 326 316 364; x_wconf 88' lang='lat' dir='ltr'><strong>Sed</strong></span> <span class='ocrx_word' id='word_1_13' title='bbox 335 337 404 376; x_wconf 78' lang='lat' dir='ltr'><strong>ego</strong></span> <span class='ocrx_word' id='word_1_14' title='bbox 422 327 584 376; x_wconf 84' lang='lat' dir='ltr'><strong>stultior,</strong></span> <span class='ocrx_word' id='word_1_15' title='bbox 602 328 694 367; x_wconf 83' lang='lat' dir='ltr'><strong>meis</strong></span> <span class='ocrx_word' id='word_1_16' title='bbox 708 328 814 367; x_wconf 81' lang='lat' dir='ltr'><strong>dictis</strong></span> <span class='ocrx_word' id='word_1_17' title='bbox 834 340 966 378; x_wconf 86' lang='lat' dir='ltr'><strong>parere</strong></span> <span class='ocrx_word' id='word_1_18' title='bbox 982 329 1077 368; x_wconf 91' lang='lat' dir='ltr'><strong>hanc</strong></span> <span class='ocrx_word' id='word_1_19' title='bbox 1092 329 1156 379; x_wconf 90' lang='lat' dir='ltr'><strong>qui</strong></span> <span class='ocrx_word' id='word_1_20' title='bbox 1173 330 1370 379; x_wconf 83' lang='lat' dir='ltr'><strong>postulem.</strong></span> 
     </span>
     <span class='ocr_line' id='line_1_4' title="bbox 246 384 1443 438; baseline 0.004 -17"><span class='ocrx_word' id='word_1_21' title='bbox 246 384 307 422; x_wconf 89' lang='lat' dir='ltr'><strong>lbo</strong></span> <span class='ocrx_word' id='word_1_22' title='bbox 327 384 439 434; x_wconf 92' lang='lat' dir='ltr'><strong>intro,</strong></span> <span class='ocrx_word' id='word_1_23' title='bbox 460 391 570 435; x_wconf 81' lang='lat' dir='ltr'><strong>atque</strong></span> <span class='ocrx_word' id='word_1_24' title='bbox 589 387 732 426; x_wconf 84' lang='lat' dir='ltr'><strong>edicam</strong></span> <span class='ocrx_word' id='word_1_25' title='bbox 753 388 868 426; x_wconf 84' lang='lat' dir='ltr'><strong>servis</strong></span> <span class='ocrx_word' id='word_1_26' title='bbox 888 399 934 426; x_wconf 92' lang='lat' dir='ltr'><strong>ne</strong></span> <span class='ocrx_word' id='word_1_27' title='bbox 952 399 1141 438; x_wconf 84' lang='lat' dir='ltr'><strong>quoquam</strong></span> <span class='ocrx_word' id='word_1_28' title='bbox 1157 388 1291 427; x_wconf 80' lang='lat' dir='ltr'><strong>ecferri</strong></span> <span class='ocrx_word' id='word_1_29' title='bbox 1310 388 1443 426; x_wconf 81' lang='lat' dir='ltr'><strong>sinant.</strong></span> 
     </span>
    </p>
   </div>
   <div class='ocr_carea' id='block_1_3' title="bbox 240 516 1482 1380">
    <p class='ocr_par' dir='ltr' id='par_1_3' title="bbox 240 516 1482 1380">
     <span class='ocr_line' id='line_1_5' title="bbox 760 516 968 544; baseline 0.005 -2"><span class='ocrx_word' id='word_1_30' title='bbox 760 516 968 544; x_wconf 68' lang='lat' dir='ltr'><strong>mmmm.</strong></span> 
     </span>
     <span class='ocr_line' id='line_1_6' title="bbox 244 560 1314 610; baseline 0.002 -12"><span class='ocrx_word' id='word_1_31' title='bbox 244 560 390 599; x_wconf 87' lang='lat' dir='ltr'>Nullam</span> <span class='ocrx_word' id='word_1_32' title='bbox 407 561 469 610; x_wconf 90' lang='lat' dir='ltr'><strong>pol</strong></span> <span class='ocrx_word' id='word_1_33' title='bbox 489 562 601 601; x_wconf 88' lang='lat' dir='ltr'><strong>credo</strong></span> <span class='ocrx_word' id='word_1_34' title='bbox 622 563 821 601; x_wconf 86' lang='lat' dir='ltr'><strong>mulierem</strong></span> <span class='ocrx_word' id='word_1_35' title='bbox 836 574 896 602; x_wconf 90' lang='lat' dir='ltr'><strong>me</strong></span> <span class='ocrx_word' id='word_1_36' title='bbox 915 564 1145 603; x_wconf 83' lang='lat' dir='ltr'><strong>miseriorem</strong></span> <span class='ocrx_word' id='word_1_37' title='bbox 1164 565 1286 603; x_wconf 83' lang='lat' dir='ltr'><strong>vivere</strong></span> <span class='ocrx_word' id='word_1_38' title='bbox 1305 577 1314 600; x_wconf 92' lang='lat'>:</span> 
     </span>
     <span class='ocr_line' id='line_1_7' title="bbox 244 621 1482 672; baseline 0.001 -14"><span class='ocrx_word' id='word_1_39' title='bbox 244 623 335 658; x_wconf 88' lang='lat' dir='ltr'><strong>Nam</strong></span> <span class='ocrx_word' id='word_1_40' title='bbox 358 625 397 659; x_wconf 94' lang='lat' dir='ltr'><strong>ut</strong></span> <span class='ocrx_word' id='word_1_41' title='bbox 413 621 474 660; x_wconf 90' lang='lat' dir='ltr'><strong>hic</strong></span> <span class='ocrx_word' id='word_1_42' title='bbox 493 621 636 659; x_wconf 87' lang='lat' dir='ltr'><strong>laturus</strong></span> <span class='ocrx_word' id='word_1_43' title='bbox 652 621 726 660; x_wconf 89' lang='lat' dir='ltr'><strong>hoc</strong></span> <span class='ocrx_word' id='word_1_44' title='bbox 743 621 803 666; x_wconf 90' lang='lat' dir='ltr'><strong>sit,</strong></span> <span class='ocrx_word' id='word_1_45' title='bbox 818 623 848 660; x_wconf 82' lang='lat' dir='ltr'><strong>si</strong></span> <span class='ocrx_word' id='word_1_46' title='bbox 866 623 984 672; x_wconf 83' lang='lat' dir='ltr'><strong>ipsam</strong></span> <span class='ocrx_word' id='word_1_47' title='bbox 1008 634 1102 666; x_wconf 82' lang='lat' dir='ltr'><strong>rem.</strong></span> <span class='ocrx_word' id='word_1_48' title='bbox 1123 629 1165 662; x_wconf 89' lang='lat' dir='ltr'><strong>ut</strong></span> <span class='ocrx_word' id='word_1_49' title='bbox 1181 623 1263 667; x_wconf 89' lang='lat' dir='ltr'><strong>siet,</strong></span> <span class='ocrx_word' id='word_1_50' title='bbox 1281 621 1482 669; x_wconf 80' lang='lat' dir='ltr'><strong>resciverit,</strong></span> 
     </span>
     <span class='ocr_line' id='line_1_8' title="bbox 243 679 1482 732; baseline 0 -14"><span class='ocrx_word' id='word_1_51' title='bbox 243 681 321 718; x_wconf 91' lang='lat' dir='ltr'><strong>Non</strong></span> <span class='ocrx_word' id='word_1_52' title='bbox 336 679 472 729; x_wconf 87' lang='lat' dir='ltr'><strong>edepol</strong></span> <span class='ocrx_word' id='word_1_53' title='bbox 483 680 580 719; x_wconf 85' lang='lat' dir='ltr'><strong>clam</strong></span> <span class='ocrx_word' id='word_1_54' title='bbox 600 691 660 719; x_wconf 88' lang='lat' dir='ltr'><strong>me</strong></span> <span class='ocrx_word' id='word_1_55' title='bbox 678 685 749 727; x_wconf 86' lang='lat' dir='ltr'><strong>est,</strong></span> <span class='ocrx_word' id='word_1_56' title='bbox 768 691 885 730; x_wconf 87' lang='lat' dir='ltr'><strong>quum</strong></span> <span class='ocrx_word' id='word_1_57' title='bbox 902 681 972 720; x_wconf 90' lang='lat' dir='ltr'><strong>hoc</strong></span> <span class='ocrx_word' id='word_1_58' title='bbox 985 682 1086 732; x_wconf 90' lang='lat' dir='ltr'><strong>quod</strong></span> <span class='ocrx_word' id='word_1_59' title='bbox 1101 682 1244 726; x_wconf 86' lang='lat' dir='ltr'><strong>leviust,</strong></span> <span class='ocrx_word' id='word_1_60' title='bbox 1266 685 1342 719; x_wconf 83' lang='lat' dir='ltr'><strong>tam</strong></span> <span class='ocrx_word' id='word_1_61' title='bbox 1359 680 1482 718; x_wconf 86' lang='lat' dir='ltr'><strong>animo</strong></span> 
     </span>
     <span class='ocr_line' id='line_1_9' title="bbox 293 739 596 778; baseline 0.007 -2"><span class='ocrx_word' id='word_1_62' title='bbox 293 739 469 777; x_wconf 80' lang='lat' dir='ltr'><strong>iracundo</strong></span> <span class='ocrx_word' id='word_1_63' title='bbox 487 739 596 778; x_wconf 91' lang='lat' dir='ltr'><strong>tulit:</strong></span> 
     </span>
     <span class='ocr_line' id='line_1_10' title="bbox 242 799 1226 849; baseline 0.001 -12"><span class='ocrx_word' id='word_1_64' title='bbox 242 801 331 847; x_wconf 89' lang='lat' dir='ltr'><strong>Nec,</strong></span> <span class='ocrx_word' id='word_1_65' title='bbox 351 810 424 848; x_wconf 87' lang='lat' dir='ltr'><strong>qua</strong></span> <span class='ocrx_word' id='word_1_66' title='bbox 443 799 502 837; x_wconf 88' lang='lat' dir='ltr'><strong>via</strong></span> <span class='ocrx_word' id='word_1_67' title='bbox 522 799 705 838; x_wconf 86' lang='lat' dir='ltr'><strong>sententia</strong></span> <span class='ocrx_word' id='word_1_68' title='bbox 727 800 810 848; x_wconf 88' lang='lat' dir='ltr'><strong>ejus</strong></span> <span class='ocrx_word' id='word_1_69' title='bbox 827 801 943 849; x_wconf 85' lang='lat' dir='ltr'><strong>possit</strong></span> <span class='ocrx_word' id='word_1_70' title='bbox 964 801 1115 841; x_wconf 84' lang='lat' dir='ltr'><strong>mutari.</strong></span> <span class='ocrx_word' id='word_1_71' title='bbox 1135 800 1226 839; x_wconf 77' lang='lat' dir='ltr'><strong>scio.</strong></span> 
     </span>
     <span class='ocr_line' id='line_1_11' title="bbox 242 858 1479 907; baseline -0.001 -12"><span class='ocrx_word' id='word_1_72' title='bbox 242 859 317 896; x_wconf 88' lang='lat' dir='ltr'><strong>Hoc</strong></span> <span class='ocrx_word' id='word_1_73' title='bbox 337 858 389 895; x_wconf 90' lang='lat' dir='ltr'><strong>mi</strong></span> <span class='ocrx_word' id='word_1_74' title='bbox 409 869 524 896; x_wconf 92' lang='lat' dir='ltr'><strong>unum</strong></span> <span class='ocrx_word' id='word_1_75' title='bbox 539 869 582 896; x_wconf 85' lang='lat' dir='ltr'><strong>ex</strong></span> <span class='ocrx_word' id='word_1_76' title='bbox 598 858 770 907; x_wconf 89' lang='lat' dir='ltr'><strong>plurimis</strong></span> <span class='ocrx_word' id='word_1_77' title='bbox 789 859 949 897; x_wconf 87' lang='lat' dir='ltr'><strong>miseriis</strong></span> <span class='ocrx_word' id='word_1_78' title='bbox 970 859 1155 907; x_wconf 84' lang='lat' dir='ltr'><strong>reliquum</strong></span> <span class='ocrx_word' id='word_1_79' title='bbox 1173 858 1295 896; x_wconf 83' lang='lat' dir='ltr'><strong>ruerat</strong></span> <span class='ocrx_word' id='word_1_80' title='bbox 1317 858 1479 904; x_wconf 83' lang='lat' dir='ltr'><strong>malum,</strong></span> 
     </span>
     <span class='ocr_line' id='line_1_12' title="bbox 243 916 1477 967; baseline -0.002 -12"><span class='ocrx_word' id='word_1_81' title='bbox 243 916 279 954; x_wconf 92' lang='lat' dir='ltr'><strong>Si</strong></span> <span class='ocrx_word' id='word_1_82' title='bbox 297 927 456 966; x_wconf 90' lang='lat' dir='ltr'><strong>puerum</strong></span> <span class='ocrx_word' id='word_1_83' title='bbox 472 921 514 955; x_wconf 92' lang='lat' dir='ltr'><strong>ut</strong></span> <span class='ocrx_word' id='word_1_84' title='bbox 532 917 661 955; x_wconf 88' lang='lat' dir='ltr'><strong>tollam</strong></span> <span class='ocrx_word' id='word_1_85' title='bbox 679 917 789 966; x_wconf 85' lang='lat' dir='ltr'><strong>cogit,</strong></span> <span class='ocrx_word' id='word_1_86' title='bbox 805 918 912 967; x_wconf 83' lang='lat' dir='ltr'><strong>cujus</strong></span> <span class='ocrx_word' id='word_1_87' title='bbox 929 929 998 956; x_wconf 86' lang='lat' dir='ltr'><strong>nos</strong></span> <span class='ocrx_word' id='word_1_88' title='bbox 1017 918 1081 966; x_wconf 89' lang='lat' dir='ltr'><strong>qui</strong></span> <span class='ocrx_word' id='word_1_89' title='bbox 1095 917 1144 955; x_wconf 90' lang='lat' dir='ltr'><strong>sit</strong></span> <span class='ocrx_word' id='word_1_90' title='bbox 1157 917 1340 955; x_wconf 79' lang='lat' dir='ltr'><strong>nescimus</strong></span> <span class='ocrx_word' id='word_1_91' title='bbox 1352 921 1477 964; x_wconf 88' lang='lat' dir='ltr'><strong>pater:</strong></span> 
     </span>
     <span class='ocr_line' id='line_1_13' title="bbox 242 976 1479 1025; baseline -0.001 -12"><span class='ocrx_word' id='word_1_92' title='bbox 242 978 334 1013; x_wconf 87' lang='lat' dir='ltr'><strong>Nam</strong></span> <span class='ocrx_word' id='word_1_93' title='bbox 350 987 466 1025; x_wconf 87' lang='lat' dir='ltr'><strong>quum</strong></span> <span class='ocrx_word' id='word_1_94' title='bbox 481 987 693 1025; x_wconf 89' lang='lat' dir='ltr'><strong>compressa</strong></span> <span class='ocrx_word' id='word_1_95' title='bbox 709 981 765 1015; x_wconf 87' lang='lat' dir='ltr'><strong>est</strong></span> <span class='ocrx_word' id='word_1_96' title='bbox 778 982 900 1025; x_wconf 87' lang='lat' dir='ltr'><strong>gnata,</strong></span> <span class='ocrx_word' id='word_1_97' title='bbox 917 977 1035 1015; x_wconf 84' lang='lat' dir='ltr'><strong>forma</strong></span> <span class='ocrx_word' id='word_1_98' title='bbox 1051 977 1086 1014; x_wconf 92' lang='lat' dir='ltr'><strong>in</strong></span> <span class='ocrx_word' id='word_1_99' title='bbox 1104 976 1266 1014; x_wconf 87' lang='lat' dir='ltr'><strong>tenebris</strong></span> <span class='ocrx_word' id='word_1_100' title='bbox 1285 976 1385 1013; x_wconf 89' lang='lat' dir='ltr'><strong>nosci</strong></span> <span class='ocrx_word' id='word_1_101' title='bbox 1405 985 1479 1013; x_wconf 92' lang='lat' dir='ltr'><strong>non</strong></span> 
     </span>
     <span class='ocr_line' id='line_1_14' title="bbox 289 1036 494 1084; baseline -0.005 -11"><span class='ocrx_word' id='word_1_102' title='bbox 289 1036 392 1084; x_wconf 84' lang='lat' dir='ltr'><strong>quita</strong></span> <span class='ocrx_word' id='word_1_103' title='bbox 411 1041 467 1074; x_wconf 89' lang='lat' dir='ltr'><strong>est</strong></span> <span class='ocrx_word' id='word_1_104' title='bbox 485 1050 494 1072; x_wconf 74' lang='grc' dir='ltr'>ε</span> 
     </span>
     <span class='ocr_line' id='line_1_15' title="bbox 240 1094 1479 1144; baseline -0.002 -12"><span class='ocrx_word' id='word_1_105' title='bbox 240 1096 367 1143; x_wconf 88' lang='lat' dir='ltr'><strong>Neque</strong></span> <span class='ocrx_word' id='word_1_106' title='bbox 381 1094 586 1133; x_wconf 89' lang='lat' dir='ltr'><strong>detractum</strong></span> <span class='ocrx_word' id='word_1_107' title='bbox 605 1095 639 1132; x_wconf 90' lang='lat' dir='ltr'><strong>ei</strong></span> <span class='ocrx_word' id='word_1_108' title='bbox 659 1099 716 1133; x_wconf 85' lang='lat' dir='ltr'><strong>est</strong></span> <span class='ocrx_word' id='word_1_109' title='bbox 731 1095 945 1144; x_wconf 84' lang='lat' dir='ltr'><strong>quicquam,</strong></span> <span class='ocrx_word' id='word_1_110' title='bbox 965 1095 1030 1144; x_wconf 90' lang='lat' dir='ltr'><strong>qui</strong></span> <span class='ocrx_word' id='word_1_111' title='bbox 1054 1100 1179 1144; x_wconf 89' lang='lat' dir='ltr'><strong>posset</strong></span> <span class='ocrx_word' id='word_1_112' title='bbox 1195 1099 1281 1143; x_wconf 88' lang='lat' dir='ltr'><strong>post</strong></span> <span class='ocrx_word' id='word_1_113' title='bbox 1298 1095 1397 1132; x_wconf 89' lang='lat' dir='ltr'><strong>nosci</strong></span> <span class='ocrx_word' id='word_1_114' title='bbox 1415 1104 1479 1142; x_wconf 80' lang='lat' dir='ltr'><strong>qui</strong></span> 
     </span>
     <span class='ocr_line' id='line_1_16' title="bbox 288 1154 386 1191; baseline 0 0"><span class='ocrx_word' id='word_1_115' title='bbox 288 1154 359 1191; x_wconf 85' lang='lat' dir='ltr'><strong>siet</strong></span> <span class='ocrx_word' id='word_1_116' title='bbox 377 1167 386 1191; x_wconf 74' lang='grc' dir='ltr'>ε</span> 
     </span>
     <span class='ocr_line' id='line_1_17' title="bbox 241 1211 1476 1262; baseline -0.001 -13"><span class='ocrx_word' id='word_1_117' title='bbox 241 1214 320 1261; x_wconf 90' lang='lat' dir='ltr'><strong>lpse</strong></span> <span class='ocrx_word' id='word_1_118' title='bbox 334 1211 469 1261; x_wconf 89' lang='lat' dir='ltr'><strong>eripuit</strong></span> <span class='ocrx_word' id='word_1_119' title='bbox 483 1212 532 1259; x_wconf 91' lang='lat' dir='ltr'><strong>vi,</strong></span> <span class='ocrx_word' id='word_1_120' title='bbox 546 1213 583 1250; x_wconf 91' lang='lat' dir='ltr'><strong>in</strong></span> <span class='ocrx_word' id='word_1_121' title='bbox 597 1212 711 1261; x_wconf 85' lang='lat' dir='ltr'><strong>digito</strong></span> <span class='ocrx_word' id='word_1_122' title='bbox 727 1224 840 1262; x_wconf 90' lang='lat' dir='ltr'><strong>quem</strong></span> <span class='ocrx_word' id='word_1_123' title='bbox 859 1213 1002 1260; x_wconf 84' lang='lat' dir='ltr'><strong>habuit,</strong></span> <span class='ocrx_word' id='word_1_124' title='bbox 1019 1211 1150 1261; x_wconf 79' lang='lat' dir='ltr'><strong>virgini</strong></span> <span class='ocrx_word' id='word_1_125' title='bbox 1163 1211 1292 1250; x_wconf 87' lang='lat' dir='ltr'><strong>abiens</strong></span> <span class='ocrx_word' id='word_1_126' title='bbox 1312 1211 1476 1249; x_wconf 82' lang='lat' dir='ltr'><strong>anulum.</strong></span> 
     </span>
     <span class='ocr_line' id='line_1_18' title="bbox 242 1269 1432 1321; baseline -0.001 -13"><span class='ocrx_word' id='word_1_127' title='bbox 242 1270 357 1308; x_wconf 91' lang='lat' dir='ltr'><strong>Simul</strong></span> <span class='ocrx_word' id='word_1_128' title='bbox 375 1282 505 1310; x_wconf 90' lang='lat' dir='ltr'><strong>vereor</strong></span> <span class='ocrx_word' id='word_1_129' title='bbox 518 1272 767 1321; x_wconf 88' lang='lat' dir='ltr'><strong>Pamphilum,</strong></span> <span class='ocrx_word' id='word_1_130' title='bbox 788 1284 835 1311; x_wconf 89' lang='lat' dir='ltr'><strong>ne</strong></span> <span class='ocrx_word' id='word_1_131' title='bbox 852 1276 956 1310; x_wconf 86' lang='lat' dir='ltr'><strong>orata</strong></span> <span class='ocrx_word' id='word_1_132' title='bbox 974 1276 1101 1310; x_wconf 81' lang='lat' dir='ltr'><strong>nostra</strong></span> <span class='ocrx_word' id='word_1_133' title='bbox 1115 1275 1277 1320; x_wconf 84' lang='lat' dir='ltr'><strong>nequeat</strong></span> <span class='ocrx_word' id='word_1_134' title='bbox 1295 1269 1432 1308; x_wconf 85' lang='lat' dir='ltr'><strong>diutius</strong></span> 
     </span>
     <span class='ocr_line' id='line_1_19' title="bbox 241 1330 1263 1380; baseline 0 -13"><span class='ocrx_word' id='word_1_135' title='bbox 241 1330 383 1378; x_wconf 84' lang='lat' dir='ltr'><strong>Celare,</strong></span> <span class='ocrx_word' id='word_1_136' title='bbox 403 1342 516 1379; x_wconf 88' lang='lat' dir='ltr'><strong>quum</strong></span> <span class='ocrx_word' id='word_1_137' title='bbox 532 1332 624 1369; x_wconf 87' lang='lat' dir='ltr'><strong>sciet</strong></span> <span class='ocrx_word' id='word_1_138' title='bbox 642 1331 805 1369; x_wconf 89' lang='lat' dir='ltr'><strong>alienum</strong></span> <span class='ocrx_word' id='word_1_139' title='bbox 819 1342 982 1380; x_wconf 88' lang='lat' dir='ltr'><strong>puerum</strong></span> <span class='ocrx_word' id='word_1_140' title='bbox 999 1331 1082 1369; x_wconf 88' lang='lat' dir='ltr'><strong>tolli</strong></span> <span class='ocrx_word' id='word_1_141' title='bbox 1098 1341 1164 1379; x_wconf 90' lang='lat' dir='ltr'><strong>pro</strong></span> <span class='ocrx_word' id='word_1_142' title='bbox 1183 1340 1263 1368; x_wconf 87' lang='lat' dir='ltr'><strong>suo.</strong></span> 
     </span>
    </p>
   </div>
   <div class='ocr_carea' id='block_1_4' title="bbox 697 1554 1024 1632">
    <p class='ocr_par' dir='ltr' id='par_1_4' title="bbox 697 1554 1024 1632">
     <span class='ocr_line' id='line_1_20' title="bbox 697 1554 1024 1632; baseline -0.003 -29"><span class='ocrx_word' id='word_1_143' title='bbox 697 1554 905 1632; x_wconf 78' lang='lat' dir='ltr'>ACTUS</span> <span class='ocrx_word' id='word_1_144' title='bbox 944 1554 1024 1602; x_wconf 90' lang='lat' dir='ltr'><strong>IV.</strong></span> 
     </span>
    </p>
   </div>
   <div class='ocr_carea' id='block_1_5' title="bbox 568 1688 1152 1838">
    <p class='ocr_par' dir='ltr' id='par_1_5' title="bbox 568 1688 1152 1838">
     <span class='ocr_line' id='line_1_21' title="bbox 734 1688 985 1728; baseline 0 0"><span class='ocrx_word' id='word_1_145' title='bbox 734 1688 797 1728; x_wconf 93' lang='lat' dir='ltr'><strong>SC</strong></span> <span class='ocrx_word' id='word_1_146' title='bbox 809 1689 919 1728; x_wconf 86' lang='lat' dir='ltr'><strong>ENA</strong></span> <span class='ocrx_word' id='word_1_147' title='bbox 954 1689 985 1728; x_wconf 90' lang='grc' dir='ltr'><strong>Ι.</strong></span> 
     </span>
     <span class='ocr_line' id='line_1_22' title="bbox 568 1796 1152 1838; baseline 0 -8"><span class='ocrx_word' id='word_1_148' title='bbox 568 1796 828 1838; x_wconf 84' lang='lat' dir='ltr'><strong>SOSTRATA,</strong></span> <span class='ocrx_word' id='word_1_149' title='bbox 856 1796 1152 1830; x_wconf 76' lang='lat' dir='ltr'><strong>PAMPHILUS.</strong></span> 
     </span>
    </p>
   </div>
   <div class='ocr_carea' id='block_1_6' title="bbox 242 1903 1479 2236">
    <p class='ocr_par' dir='ltr' id='par_1_6' title="bbox 755 1903 954 1932">
     <span class='ocr_line' id='line_1_23' title="bbox 755 1903 954 1932; baseline 0 -2"><span class='ocrx_word' id='word_1_150' title='bbox 755 1903 954 1932; x_wconf 70' lang='lat' dir='ltr'><strong>sosrmn.</strong></span> 
     </span>
    </p>

    <p class='ocr_par' dir='ltr' id='par_1_7' title="bbox 242 1951 1477 2048">
     <span class='ocr_line' id='line_1_24' title="bbox 242 1951 1477 2000; baseline -0.003 -11"><span class='ocrx_word' id='word_1_151' title='bbox 242 1953 323 1990; x_wconf 90' lang='lat' dir='ltr'><strong>Non</strong></span> <span class='ocrx_word' id='word_1_152' title='bbox 338 1951 432 1990; x_wconf 84' lang='lat' dir='ltr'><strong>clam</strong></span> <span class='ocrx_word' id='word_1_153' title='bbox 449 1962 509 1990; x_wconf 91' lang='lat' dir='ltr'><strong>me</strong></span> <span class='ocrx_word' id='word_1_154' title='bbox 529 1955 598 1995; x_wconf 89' lang='lat' dir='ltr'><strong>est,</strong></span> <span class='ocrx_word' id='word_1_155' title='bbox 619 1956 726 2000; x_wconf 84' lang='lat' dir='ltr'><strong>gnate</strong></span> <span class='ocrx_word' id='word_1_156' title='bbox 743 1952 809 2000; x_wconf 88' lang='lat' dir='ltr'><strong>mi,</strong></span> <span class='ocrx_word' id='word_1_157' title='bbox 824 1952 893 1990; x_wconf 91' lang='lat' dir='ltr'><strong>tibi</strong></span> <span class='ocrx_word' id='word_1_158' title='bbox 909 1962 969 1990; x_wconf 91' lang='lat' dir='ltr'><strong>me</strong></span> <span class='ocrx_word' id='word_1_159' title='bbox 987 1961 1070 1990; x_wconf 83' lang='lat' dir='ltr'><strong>esse</strong></span> <span class='ocrx_word' id='word_1_160' title='bbox 1088 1954 1313 1999; x_wconf 82' lang='lat' dir='ltr'><strong>suspectam,</strong></span> <span class='ocrx_word' id='word_1_161' title='bbox 1326 1955 1477 1984; x_wconf 85' lang='lat' dir='ltr'><strong>uxorem</strong></span> 
     </span>
     <span class='ocr_line' id='line_1_25' title="bbox 290 2015 391 2048; baseline 0 0"><span class='ocrx_word' id='word_1_162' title='bbox 290 2015 391 2048; x_wconf 85' lang='lat' dir='ltr'><strong>tuam</strong></span> 
     </span>
    </p>

    <p class='ocr_par' dir='ltr' id='par_1_8' title="bbox 243 2068 1475 2119">
     <span class='ocr_line' id='line_1_26' title="bbox 243 2068 1475 2119; baseline -0.001 -11"><span class='ocrx_word' id='word_1_163' title='bbox 243 2073 400 2119; x_wconf 86' lang='lat' dir='ltr'><strong>Propter</strong></span> <span class='ocrx_word' id='word_1_164' title='bbox 418 2080 522 2108; x_wconf 89' lang='lat' dir='ltr'><strong>meos</strong></span> <span class='ocrx_word' id='word_1_165' title='bbox 540 2081 663 2108; x_wconf 88' lang='lat' dir='ltr'><strong>mores</strong></span> <span class='ocrx_word' id='word_1_166' title='bbox 679 2070 766 2109; x_wconf 89' lang='lat' dir='ltr'><strong>hinc</strong></span> <span class='ocrx_word' id='word_1_167' title='bbox 785 2071 905 2110; x_wconf 84' lang='lat' dir='ltr'><strong>abisse</strong></span> <span class='ocrx_word' id='word_1_168' title='bbox 924 2084 934 2109; x_wconf 90' lang='lat'>:</span> <span class='ocrx_word' id='word_1_169' title='bbox 955 2069 1025 2109; x_wconf 84' lang='lat' dir='ltr'><strong>etsi</strong></span> <span class='ocrx_word' id='word_1_170' title='bbox 1041 2081 1086 2109; x_wconf 80' lang='lat' dir='ltr'><strong>ea</strong></span> <span class='ocrx_word' id='word_1_171' title='bbox 1098 2068 1307 2108; x_wconf 87' lang='lat' dir='ltr'><strong>dissimulas</strong></span> <span class='ocrx_word' id='word_1_172' title='bbox 1322 2069 1475 2107; x_wconf 86' lang='lat' dir='ltr'><strong>sedulo:</strong></span> 
     </span>
    </p>

    <p class='ocr_par' dir='ltr' id='par_1_9' title="bbox 243 2128 1479 2236">
     <span class='ocr_line' id='line_1_27' title="bbox 243 2128 1479 2179; baseline 0 -13"><span class='ocrx_word' id='word_1_173' title='bbox 243 2131 381 2168; x_wconf 86' lang='lat' dir='ltr'><strong>Verum</strong></span> <span class='ocrx_word' id='word_1_174' title='bbox 401 2129 452 2167; x_wconf 83' lang='lat' dir='ltr'><strong>ita</strong></span> <span class='ocrx_word' id='word_1_175' title='bbox 473 2139 531 2167; x_wconf 91' lang='lat' dir='ltr'><strong>me</strong></span> <span class='ocrx_word' id='word_1_176' title='bbox 551 2128 589 2167; x_wconf 92' lang='lat' dir='ltr'><strong>di</strong></span> <span class='ocrx_word' id='word_1_177' title='bbox 617 2133 757 2177; x_wconf 87' lang='lat' dir='ltr'><strong>ament,</strong></span> <span class='ocrx_word' id='word_1_178' title='bbox 776 2134 901 2179; x_wconf 84' lang='lat' dir='ltr'><strong>1taque</strong></span> <span class='ocrx_word' id='word_1_179' title='bbox 920 2129 1115 2178; x_wconf 81' lang='lat' dir='ltr'><strong>obtingant</strong></span> <span class='ocrx_word' id='word_1_180' title='bbox 1130 2140 1175 2167; x_wconf 82' lang='lat' dir='ltr'><strong>ex</strong></span> <span class='ocrx_word' id='word_1_181' title='bbox 1189 2133 1226 2167; x_wconf 87' lang='lat' dir='ltr'><strong>te</strong></span> <span class='ocrx_word' id='word_1_182' title='bbox 1242 2139 1325 2177; x_wconf 84' lang='lat' dir='ltr'><strong>quae</strong></span> <span class='ocrx_word' id='word_1_183' title='bbox 1344 2131 1479 2176; x_wconf 84' lang='lat' dir='ltr'><strong>exopto</strong></span> 
     </span>
     <span class='ocr_line' id='line_1_28' title="bbox 292 2187 400 2236; baseline -0.009 -10"><span class='ocrx_word' id='word_1_184' title='bbox 292 2187 400 2236; x_wconf 90' lang='lat' dir='ltr'><strong>mihi,</strong></span> 
     </span>
    </p>
   </div>
   <div class='ocr_carea' id='block_1_7' title="bbox 282 2275 1482 2314">
    <p class='ocr_par' dir='ltr' id='par_1_10' title="bbox 282 2275 1482 2314">
     <span class='ocr_line' id='line_1_29' title="bbox 282 2275 1482 2314; baseline -0.002 -8"><span class='ocrx_word' id='word_1_185' title='bbox 282 2278 310 2306; x_wconf 78' lang='grc' dir='ltr'><strong>ί.</strong></span> <span class='ocrx_word' id='word_1_186' title='bbox 322 2277 375 2305; x_wconf 74' lang='lat' dir='ltr'><strong>Ces</strong></span> <span class='ocrx_word' id='word_1_187' title='bbox 389 2275 491 2305; x_wconf 75' lang='lat' dir='ltr'><strong>details</strong></span> <span class='ocrx_word' id='word_1_188' title='bbox 502 2277 657 2314; x_wconf 62' lang='lat' dir='ltr'><strong>preparent</strong></span> <span class='ocrx_word' id='word_1_189' title='bbox 671 2276 697 2305; x_wconf 88' lang='lat' dir='ltr'><strong>le</strong></span> <span class='ocrx_word' id='word_1_190' title='bbox 710 2277 890 2312; x_wconf 61' lang='lat' dir='ltr'><strong>dchfflment,</strong></span> <span class='ocrx_word' id='word_1_191' title='bbox 904 2281 935 2306; x_wconf 80' lang='lat' dir='ltr'><strong>et</strong></span> <span class='ocrx_word' id='word_1_192' title='bbox 945 2277 1105 2314; x_wconf 74' lang='lat' dir='ltr'><strong>cepeudant</strong></span> <span class='ocrx_word' id='word_1_193' title='bbox 1122 2277 1157 2304; x_wconf 80' lang='lat' dir='ltr'><strong>ils</strong></span> <span class='ocrx_word' id='word_1_194' title='bbox 1171 2275 1346 2312; x_wconf 74' lang='lat' dir='ltr'><strong>sont&#39;glisse&#39;s</strong></span> <span class='ocrx_word' id='word_1_195' title='bbox 1362 2275 1398 2304; x_wconf 82' lang='lat' dir='ltr'><strong>ici</strong></span> <span class='ocrx_word' id='word_1_196' title='bbox 1413 2282 1482 2304; x_wconf 69' lang='lat' dir='ltr'><strong>ave·</strong></span> 
     </span>
    </p>
   </div>
  </div>
 </body>
</html>
