1624 2632
241 217 309 254 392
531 216 774 254 HEAU'I'ON
798 215 1192 254 TlMORUMENOS.

242 299 333 334 Cum
353 296 445 335 istoc
466 296 613 335 invento
632 306 790 344 cumque
811 296 957 345 incepto
978 295 1174 344 perduint!

243 355 459 403 Hujusmodi
482 355 572 393 mihi
593 365 653 393 res
670 366 817 405 semper
835 354 1128 403 comminiscere,

247 414 310 452 Ubi
333 415 420 453 med
438 414 698 453 excamufioes.

794 484 923 511 snum.

716 532 767 571 In'
782 532 869 571 hinc
883 543 958 581 quo
975 532 1107 581 dignus
1123 533 1196 570 es?

243 592 361 636 Quam
381 602 484 640 paene
503 595 567 630 tua
585 602 646 630 me
665 590 827 641 perdidit
850 590 1092 639 protervitas!

775 660 957 688 nummo.

245 707 386 746 Vellem
406 708 529 747 hercle
549 711 698 754 tactum,
716 708 768 747 ita
788 708 966 746 meritu's.

795 778 926 806 snus.

977 826 1150 864 Meritus?
1168 826 1386 873 Quomodot

246 887 306 922 Nae
325 896 385 923 me
402 885 496 925 istuc
514 896 559 924 ex
577 890 616 925 te
634 886 736 935 prius
754 885 898 923 audisse
919 886 1077 934 gaudeo,

245 945 362 988 Quam
382 948 575 994 argentum
594 944 769 993 haberes,
788 945 889 994 quod
909 944 1062 982 daturus
1076 945 1154 993 Jam
1174 944 1240 984 fui.

772 1015 952 1042 ommno.

246 1063 339 1108 Quid
360 1063 472 1112 igitur
486 1063 606 1102 dicam
622 1063 691 1102 tibi
709 1064 789 1102 vis?
810 1063 937 1102 Abiisti
957 1078 966 1101 :
988 1063 1078 1102 mihi

247 1122 411 1160 Amicam
427 1123 594 1172 adduxti,
614 1135 726 1173 quam
745 1134 818 1161 non
837 1123 945 1161 liceat
962 1128 1125 1172 tangere.

805 1194 935 1220 simus.

247 1243 325 1279 lam
344 1252 418 1279 non
437 1252 519 1280 sum
539 1243 668 1280 iratus.
688 1241 759 1280 Sed
779 1241 856 1279 scin
876 1241 938 1278 ubi
955 1251 1053 1278 nunc
1069 1241 1118 1279 sit
1133 1239 1203 1279 tibi

248 1304 325 1339 Tua
343 1301 519 1340 Bacchis?

775 1370 954 1398 cmrirno.

527 1418 633 1468 Apud
650 1429 729 1457 nos.

803 1488 933 1516 smus.

745 1539 838 1574 Non.

779 1605 957 1633 ammo.
1006 1637 1008 1639 ,

841 1653 910 1691 Ubi
929 1654 1038 1701 ergo!

804 1720 934 1748 snus.

969 1768 1075 1816 Apud
1093 1767 1261 1805 Cliniam.

780 1839 960 1868 omnmo.

253 1890 361 1930 Peru.

806 1958 934 1984 snus.

372 2011 472 2046 Bono
489 2006 612 2045 animo
630 2016 671 2045 es
687 2019 698 2045 z
717 2005 797 2054 jam
816 2009 1010 2053 argentum
1027 2003 1075 2042 ad
1090 2013 1173 2042 eam
1191 2003 1355 2045 deseres.

253 2069 358 2115 Quod
375 2068 409 2107 ei
427 2068 622 2118 pollicitus.

770 2135 959 2163 cmi-nmo.

631 2183 766 2223 Garris.
793 2184 922 2221 Unde?

803 2253 933 2281 smus.

971 2303 1001 2338 Α
1019 2307 1082 2341 tuo
1102 2306 1220 2350 patre.

1616 2173 1624 2254 ,.—·-..
1616 2035 1624 2150 =...¹..‘...
1622 1986 1624 2010 ,.
1622 1932 1624 1944 .,
1623 1884 1624 1888 Α
1621 1843 1624 1864 ..
