<?xml version="1.0" encoding="UTF-8"?>
<!DOCTYPE html PUBLIC "-//W3C//DTD XHTML 1.0 Transitional//EN"
    "http://www.w3.org/TR/xhtml1/DTD/xhtml1-transitional.dtd">
<html xmlns="http://www.w3.org/1999/xhtml" xml:lang="en" lang="en">
 <head>
  <title>
</title>
<meta http-equiv="Content-Type" content="text/html;charset=utf-8" />
  <meta name='ocr-system' content='tesseract 3.04.00' />
  <meta name='ocr-capabilities' content='ocr_page ocr_carea ocr_par ocr_line ocrx_word'/>
</head>
<body>
  <div class='ocr_page' id='page_1' title='image "./comdiesdetre01tereuoft_0434.png"; bbox 0 0 1624 2632; ppageno 0'>
   <div class='ocr_carea' id='block_1_1' title="bbox 250 159 1200 210">
    <p class='ocr_par' dir='ltr' id='par_1_1' title="bbox 250 159 1200 210">
     <span class='ocr_line' id='line_1_1' title="bbox 250 159 1200 210; baseline -0.001 0"><span class='ocrx_word' id='word_1_1' title='bbox 250 159 326 210; x_wconf 78' lang='lat'><strong>&#39;372</strong></span> <span class='ocrx_word' id='word_1_2' title='bbox 539 162 781 209; x_wconf 71' lang='grc' dir='ltr'>ΗΕΑυΤοΝ</span> <span class='ocrx_word' id='word_1_3' title='bbox 813 171 1200 210; x_wconf 74' lang='lat' dir='ltr'><strong>TlMORUMENos.</strong></span> 
     </span>
    </p>
   </div>
   <div class='ocr_carea' id='block_1_2' title="bbox 254 263 1488 656">
    <p class='ocr_par' dir='ltr' id='par_1_2' title="bbox 254 263 1488 656">
     <span class='ocr_line' id='line_1_2' title="bbox 805 263 940 290; baseline -0.015 0"><span class='ocrx_word' id='word_1_4' title='bbox 805 263 940 290; x_wconf 69' lang='lat' dir='ltr'><strong>cusu.</strong></span> 
     </span>
     <span class='ocr_line' id='line_1_3' title="bbox 255 310 1488 360; baseline -0.001 -11"><span class='ocrx_word' id='word_1_5' title='bbox 255 315 371 360; x_wconf 83' lang='lat' dir='ltr'><strong>Atque</strong></span> <span class='ocrx_word' id='word_1_6' title='bbox 394 311 445 349; x_wconf 85' lang='lat' dir='ltr'><strong>ita</strong></span> <span class='ocrx_word' id='word_1_7' title='bbox 463 321 522 349; x_wconf 91' lang='lat' dir='ltr'><strong>me</strong></span> <span class='ocrx_word' id='word_1_8' title='bbox 542 310 581 349; x_wconf 92' lang='lat' dir='ltr'><strong>di</strong></span> <span class='ocrx_word' id='word_1_9' title='bbox 609 315 748 358; x_wconf 84' lang='lat' dir='ltr'><strong>ament,</strong></span> <span class='ocrx_word' id='word_1_10' title='bbox 769 314 811 348; x_wconf 93' lang='lat' dir='ltr'><strong>ut</strong></span> <span class='ocrx_word' id='word_1_11' title='bbox 825 321 894 359; x_wconf 87' lang='lat' dir='ltr'><strong>ego</strong></span> <span class='ocrx_word' id='word_1_12' title='bbox 911 321 1010 349; x_wconf 90' lang='lat' dir='ltr'><strong>nunc</strong></span> <span class='ocrx_word' id='word_1_13' title='bbox 1026 321 1101 349; x_wconf 93' lang='lat' dir='ltr'><strong>non</strong></span> <span class='ocrx_word' id='word_1_14' title='bbox 1121 315 1199 349; x_wconf 87' lang='lat' dir='ltr'><strong>tam</strong></span> <span class='ocrx_word' id='word_1_15' title='bbox 1215 315 1361 360; x_wconf 78' lang='lat' dir='ltr'><strong>meapte</strong></span> <span class='ocrx_word' id='word_1_16' title='bbox 1378 321 1488 349; x_wconf 64' lang='lat' dir='ltr'><strong>caum</strong></span> 
     </span>
     <span class='ocr_line' id='line_1_4' title="bbox 256 367 1486 419; baseline -0.001 -12"><span class='ocrx_word' id='word_1_17' title='bbox 256 372 386 418; x_wconf 74' lang='lat' dir='ltr'><strong>Laetor,</strong></span> <span class='ocrx_word' id='word_1_18' title='bbox 400 380 511 419; x_wconf 88' lang='lat' dir='ltr'><strong>quam</strong></span> <span class='ocrx_word' id='word_1_19' title='bbox 522 367 633 415; x_wconf 87' lang='lat' dir='ltr'><strong>illius,</strong></span> <span class='ocrx_word' id='word_1_20' title='bbox 648 378 762 418; x_wconf 78' lang='lat' dir='ltr'><strong>quam</strong></span> <span class='ocrx_word' id='word_1_21' title='bbox 769 378 839 418; x_wconf 81' lang='lat' dir='ltr'><strong>ego</strong></span> <span class='ocrx_word' id='word_1_22' title='bbox 849 369 924 408; x_wconf 86' lang='lat' dir='ltr'><strong>scio</strong></span> <span class='ocrx_word' id='word_1_23' title='bbox 937 379 1018 408; x_wconf 78' lang='lat' dir='ltr'><strong>esse</strong></span> <span class='ocrx_word' id='word_1_24' title='bbox 1031 369 1172 408; x_wconf 82' lang='lat' dir='ltr'><strong>honore</strong></span> <span class='ocrx_word' id='word_1_25' title='bbox 1181 369 1311 418; x_wconf 79' lang='lat' dir='ltr'><strong>quovis</strong></span> <span class='ocrx_word' id='word_1_26' title='bbox 1324 369 1486 417; x_wconf 81' lang='lat' dir='ltr'><strong>dignam.</strong></span> 
     </span>
     <span class='ocr_line' id='line_1_5' title="bbox 806 441 936 469; baseline -0.015 0"><span class='ocrx_word' id='word_1_27' title='bbox 806 441 936 469; x_wconf 77' lang='lat' dir='ltr'><strong>snus.</strong></span> 
     </span>
     <span class='ocr_line' id='line_1_6' title="bbox 256 485 1367 538; baseline -0.002 -10"><span class='ocrx_word' id='word_1_28' title='bbox 256 492 307 528; x_wconf 82' lang='lat' dir='ltr'><strong>lta</strong></span> <span class='ocrx_word' id='word_1_29' title='bbox 323 485 467 528; x_wconf 81' lang='lat' dir='ltr'><strong>credo&#39;:</strong></span> <span class='ocrx_word' id='word_1_30' title='bbox 486 486 678 535; x_wconf 74' lang='lat' dir='ltr'><strong>setinum,</strong></span> <span class='ocrx_word' id='word_1_31' title='bbox 700 487 830 532; x_wconf 89' lang='lat' dir='ltr'><strong>Clinia,</strong></span> <span class='ocrx_word' id='word_1_32' title='bbox 843 499 927 538; x_wconf 87' lang='lat' dir='ltr'><strong>age,</strong></span> <span class='ocrx_word' id='word_1_33' title='bbox 940 488 995 527; x_wconf 52' lang='lat' dir='ltr'><strong>‘da</strong></span> <span class='ocrx_word' id='word_1_34' title='bbox 1008 493 1048 530; x_wconf 78' lang='lat' dir='ltr'><strong>te</strong></span> <span class='ocrx_word' id='word_1_35' title='bbox 1070 488 1165 527; x_wconf 90' lang='lat' dir='ltr'><strong>mihi</strong></span> <span class='ocrx_word' id='word_1_36' title='bbox 1178 487 1338 527; x_wconf 73' lang='lat' dir='ltr'><strong>vicissim</strong></span> <span class='ocrx_word' id='word_1_37' title='bbox 1357 501 1367 526; x_wconf 91' lang='lat'>:</span> 
     </span>
     <span class='ocr_line' id='line_1_7' title="bbox 254 546 1462 597; baseline -0.001 -11"><span class='ocrx_word' id='word_1_38' title='bbox 254 550 345 587; x_wconf 80' lang='lat' dir='ltr'><strong>Nam</strong></span> <span class='ocrx_word' id='word_1_39' title='bbox 369 547 477 586; x_wconf 88' lang='lat' dir='ltr'><strong>amici</strong></span> <span class='ocrx_word' id='word_1_40' title='bbox 497 557 647 597; x_wconf 86' lang='lat' dir='ltr'><strong>quoque</strong></span> <span class='ocrx_word' id='word_1_41' title='bbox 666 557 728 585; x_wconf 85' lang='lat' dir='ltr'><strong>res</strong></span> <span class='ocrx_word' id='word_1_42' title='bbox 745 551 801 586; x_wconf 86' lang='lat' dir='ltr'><strong>est</strong></span> <span class='ocrx_word' id='word_1_43' title='bbox 819 546 994 595; x_wconf 87' lang='lat' dir='ltr'><strong>videnda,</strong></span> <span class='ocrx_word' id='word_1_44' title='bbox 1015 547 1051 586; x_wconf 93' lang='lat' dir='ltr'><strong>in</strong></span> <span class='ocrx_word' id='word_1_45' title='bbox 1072 551 1153 586; x_wconf 87' lang='lat' dir='ltr'><strong>tuto</strong></span> <span class='ocrx_word' id='word_1_46' title='bbox 1172 550 1214 585; x_wconf 92' lang='lat' dir='ltr'><strong>ut</strong></span> <span class='ocrx_word' id='word_1_47' title='bbox 1234 546 1462 594; x_wconf 60' lang='lat' dir='ltr'><strong>conlocetur,</strong></span> 
     </span>
     <span class='ocr_line' id='line_1_8' title="bbox 254 606 851 656; baseline -0.005 -10"><span class='ocrx_word' id='word_1_48' title='bbox 254 606 398 656; x_wconf 89' lang='lat' dir='ltr'><strong>Nequid</strong></span> <span class='ocrx_word' id='word_1_49' title='bbox 415 607 461 646; x_wconf 90' lang='lat' dir='ltr'><strong>de</strong></span> <span class='ocrx_word' id='word_1_50' title='bbox 480 606 599 645; x_wconf 81' lang='lat' dir='ltr'><strong>amica</strong></span> <span class='ocrx_word' id='word_1_51' title='bbox 613 616 711 644; x_wconf 89' lang='lat' dir='ltr'><strong>nunc</strong></span> <span class='ocrx_word' id='word_1_52' title='bbox 726 615 851 644; x_wconf 76' lang='lat' dir='ltr'><strong>senex.</strong></span> 
     </span>
    </p>
   </div>
   <div class='ocr_carea' id='block_1_3' title="bbox 252 733 1351 1304">
    <p class='ocr_par' dir='ltr' id='par_1_3' title="bbox 252 733 1351 1304">
     <span class='ocr_line' id='line_1_9' title="bbox 802 733 941 762; baseline 0.007 -1"><span class='ocrx_word' id='word_1_53' title='bbox 802 733 941 762; x_wconf 79' lang='lat' dir='ltr'><strong>cmm.</strong></span> 
     </span>
     <span class='ocr_line' id='line_1_10' title="bbox 866 781 1075 831; baseline -0.005 -11"><span class='ocrx_word' id='word_1_54' title='bbox 866 783 895 820; x_wconf 94' lang='grc' dir='ltr'><strong>Ο</strong></span> <span class='ocrx_word' id='word_1_55' title='bbox 910 781 1075 831; x_wconf 76' lang='lat' dir='ltr'>Jupiter!</span> 
     </span>
     <span class='ocr_line' id='line_1_11' title="bbox 800 851 931 878; baseline 0 0"><span class='ocrx_word' id='word_1_56' title='bbox 800 851 931 878; x_wconf 76' lang='lat' dir='ltr'><strong>snus.</strong></span> 
     </span>
     <span class='ocr_line' id='line_1_12' title="bbox 1114 898 1279 946; baseline 0 -8"><span class='ocrx_word' id='word_1_57' title='bbox 1114 898 1279 946; x_wconf 81' lang='lat' dir='ltr'><strong>Quiesce.</strong></span> 
     </span>
     <span class='ocr_line' id='line_1_13' title="bbox 801 969 938 998; baseline -0.007 -1"><span class='ocrx_word' id='word_1_58' title='bbox 801 969 938 998; x_wconf 77' lang='lat' dir='ltr'><strong>cmm.</strong></span> 
     </span>
     <span class='ocr_line' id='line_1_14' title="bbox 254 1016 805 1068; baseline -0.005 -11"><span class='ocrx_word' id='word_1_59' title='bbox 254 1018 443 1068; x_wconf 82' lang='lat' dir='ltr'><strong>Antiphila</strong></span> <span class='ocrx_word' id='word_1_60' title='bbox 463 1028 547 1056; x_wconf 88' lang='lat' dir='ltr'><strong>mea</strong></span> <span class='ocrx_word' id='word_1_61' title='bbox 565 1017 681 1056; x_wconf 90' lang='lat' dir='ltr'><strong>nubet</strong></span> <span class='ocrx_word' id='word_1_62' title='bbox 699 1016 805 1055; x_wconf 89' lang='lat' dir='ltr'><strong>mihi.</strong></span> 
     </span>
     <span class='ocr_line' id='line_1_15' title="bbox 804 1087 934 1115; baseline 0 0"><span class='ocrx_word' id='word_1_63' title='bbox 804 1087 934 1115; x_wconf 76' lang='lat' dir='ltr'><strong>mus·</strong></span> 
     </span>
     <span class='ocr_line' id='line_1_16' title="bbox 745 1134 1351 1184; baseline 0 -12"><span class='ocrx_word' id='word_1_64' title='bbox 745 1157 749 1162; x_wconf 90' lang='lat'><em>-</em></span> <span class='ocrx_word' id='word_1_65' title='bbox 817 1134 938 1174; x_wconf 85' lang='lat' dir='ltr'>Sicine</span> <span class='ocrx_word' id='word_1_66' title='bbox 957 1134 1051 1173; x_wconf 89' lang='lat' dir='ltr'><strong>mihi</strong></span> <span class='ocrx_word' id='word_1_67' title='bbox 1070 1134 1351 1184; x_wconf 76' lang='lat' dir='ltr'><strong>interloquere?</strong></span> 
     </span>
     <span class='ocr_line' id='line_1_17' title="bbox 801 1205 1042 1232; baseline -0.004 0"><span class='ocrx_word' id='word_1_68' title='bbox 801 1205 936 1232; x_wconf 65' lang='lat' dir='ltr'><strong>ctum.</strong></span> <span class='ocrx_word' id='word_1_69' title='bbox 1040 1206 1042 1208; x_wconf 95' lang='lat'>·</span> 
     </span>
     <span class='ocr_line' id='line_1_18' title="bbox 252 1252 1081 1304; baseline -0.004 -10"><span class='ocrx_word' id='word_1_70' title='bbox 252 1253 347 1302; x_wconf 89' lang='lat' dir='ltr'>Quid</span> <span class='ocrx_word' id='word_1_71' title='bbox 366 1253 526 1292; x_wconf 72' lang='lat' dir='ltr'><strong>faciam?</strong></span> <span class='ocrx_word' id='word_1_72' title='bbox 541 1254 632 1304; x_wconf 78' lang='lat' dir='ltr'><strong>Syre</strong></span> <span class='ocrx_word' id='word_1_73' title='bbox 649 1253 717 1302; x_wconf 91' lang='lat' dir='ltr'><strong>mi,</strong></span> <span class='ocrx_word' id='word_1_74' title='bbox 736 1253 879 1303; x_wconf 83' lang='lat' dir='ltr'><strong>gaudeo</strong></span> <span class='ocrx_word' id='word_1_75' title='bbox 898 1268 909 1291; x_wconf 70' lang='grc' dir='ltr'><strong><em>ε</em></strong></span> <span class='ocrx_word' id='word_1_76' title='bbox 929 1252 986 1291; x_wconf 83' lang='lat' dir='ltr'><strong>fer</strong></span> <span class='ocrx_word' id='word_1_77' title='bbox 1007 1262 1081 1291; x_wconf 90' lang='lat' dir='ltr'><strong>me.</strong></span> 
     </span>
    </p>
   </div>
   <div class='ocr_carea' id='block_1_4' title="bbox 247 1380 1485 2303">
    <p class='ocr_par' dir='ltr' id='par_1_4' title="bbox 247 1380 1485 2303">
     <span class='ocr_line' id='line_1_19' title="bbox 799 1380 931 1412; baseline 0 -5"><span class='ocrx_word' id='word_1_78' title='bbox 799 1380 931 1412; x_wconf 77' lang='lat' dir='ltr'><strong>snus.</strong></span> 
     </span>
     <span class='ocr_line' id='line_1_20' title="bbox 1113 1426 1460 1469; baseline 0.009 -4"><span class='ocrx_word' id='word_1_79' title='bbox 1113 1428 1205 1465; x_wconf 86' lang='lat' dir='ltr'><strong>Fero</strong></span> <span class='ocrx_word' id='word_1_80' title='bbox 1218 1426 1346 1469; x_wconf 87' lang='lat' dir='ltr'><strong>hercle</strong></span> <span class='ocrx_word' id='word_1_81' title='bbox 1360 1438 1460 1468; x_wconf 84' lang='lat' dir='ltr'><strong>vero.</strong></span> 
     </span>
     <span class='ocr_line' id='line_1_21' title="bbox 795 1497 932 1524; baseline -0.022 0"><span class='ocrx_word' id='word_1_82' title='bbox 795 1497 932 1524; x_wconf 79' lang='lat' dir='ltr'><strong>cmm.</strong></span> 
     </span>
     <span class='ocr_line' id='line_1_22' title="bbox 253 1545 796 1595; baseline -0.007 -8"><span class='ocrx_word' id='word_1_83' title='bbox 253 1550 413 1587; x_wconf 87' lang='lat' dir='ltr'><strong>Deorum</strong></span> <span class='ocrx_word' id='word_1_84' title='bbox 432 1547 544 1586; x_wconf 84' lang='lat' dir='ltr'><strong>vitam</strong></span> <span class='ocrx_word' id='word_1_85' title='bbox 563 1545 640 1595; x_wconf 83' lang='lat' dir='ltr'><strong>apti</strong></span> <span class='ocrx_word' id='word_1_86' title='bbox 656 1555 796 1584; x_wconf 84' lang='lat' dir='ltr'><strong>sumus.</strong></span> 
     </span>
     <span class='ocr_line' id='line_1_23' title="bbox 699 1607 931 1642; baseline -0.009 1"><span class='ocrx_word' id='word_1_87' title='bbox 699 1607 702 1610; x_wconf 87' lang='lat'>&#39;</span> <span class='ocrx_word' id='word_1_88' title='bbox 803 1614 931 1642; x_wconf 70' lang='lat' dir='ltr'><strong>snus.</strong></span> 
     </span>
     <span class='ocr_line' id='line_1_24' title="bbox 817 1661 1428 1711; baseline -0.002 -11"><span class='ocrx_word' id='word_1_89' title='bbox 817 1664 968 1700; x_wconf 82' lang='lat' dir='ltr'><strong>Frustra</strong></span> <span class='ocrx_word' id='word_1_90' title='bbox 985 1672 1139 1711; x_wconf 83' lang='lat' dir='ltr'><strong>operam</strong></span> <span class='ocrx_word' id='word_1_91' title='bbox 1157 1661 1290 1711; x_wconf 85' lang='lat' dir='ltr'><strong>opinor</strong></span> <span class='ocrx_word' id='word_1_92' title='bbox 1308 1672 1428 1701; x_wconf 83' lang='lat' dir='ltr'><strong>sumo.</strong></span> 
     </span>
     <span class='ocr_line' id='line_1_25' title="bbox 799 1733 934 1760; baseline -0.022 0"><span class='ocrx_word' id='word_1_93' title='bbox 799 1733 934 1760; x_wconf 59' lang='lat' dir='ltr'><strong>cumn.</strong></span> 
     </span>
     <span class='ocr_line' id='line_1_26' title="bbox 251 1782 583 1833; baseline -0.012 -10"><span class='ocrx_word' id='word_1_94' title='bbox 251 1786 413 1833; x_wconf 84' lang='lat' dir='ltr'><strong>Loquere</strong></span> <span class='ocrx_word' id='word_1_95' title='bbox 433 1796 442 1821; x_wconf 94' lang='lat'>:</span> <span class='ocrx_word' id='word_1_96' title='bbox 459 1782 583 1821; x_wconf 90' lang='lat' dir='ltr'><strong>audio.</strong></span> 
     </span>
     <span class='ocr_line' id='line_1_27' title="bbox 802 1849 932 1878; baseline -0.015 0"><span class='ocrx_word' id='word_1_97' title='bbox 802 1849 932 1878; x_wconf 72' lang='lat' dir='ltr'><strong>snus.</strong></span> 
     </span>
     <span class='ocr_line' id='line_1_28' title="bbox 535 1898 962 1949; baseline -0.007 -11"><span class='ocrx_word' id='word_1_98' title='bbox 535 1903 580 1938; x_wconf 85' lang='lat' dir='ltr'><strong>At</strong></span> <span class='ocrx_word' id='word_1_99' title='bbox 589 1898 669 1949; x_wconf 84' lang='lat' dir='ltr'><strong>jam</strong></span> <span class='ocrx_word' id='word_1_100' title='bbox 688 1899 760 1938; x_wconf 81' lang='lat' dir='ltr'><strong>hoc</strong></span> <span class='ocrx_word' id='word_1_101' title='bbox 772 1908 845 1937; x_wconf 89' lang='lat' dir='ltr'><strong>non</strong></span> <span class='ocrx_word' id='word_1_102' title='bbox 861 1908 962 1946; x_wconf 81' lang='lat' dir='ltr'><strong>ages.</strong></span> 
     </span>
     <span class='ocr_line' id='line_1_29' title="bbox 801 1968 939 1996; baseline -0.014 0"><span class='ocrx_word' id='word_1_103' title='bbox 801 1968 939 1996; x_wconf 73' lang='lat' dir='ltr'><strong>cmm.</strong></span> 
     </span>
     <span class='ocr_line' id='line_1_30' title="bbox 918 2021 1047 2067; baseline 0 -12"><span class='ocrx_word' id='word_1_104' title='bbox 918 2021 1047 2067; x_wconf 75' lang='lat' dir='ltr'><strong>Agam-</strong></span> 
     </span>
     <span class='ocr_line' id='line_1_31' title="bbox 800 2087 928 2115; baseline 0 -1"><span class='ocrx_word' id='word_1_105' title='bbox 800 2087 928 2115; x_wconf 76' lang='lat' dir='ltr'><strong>snus.</strong></span> 
     </span>
     <span class='ocr_line' id='line_1_32' title="bbox 1002 2133 1485 2185; baseline 0.006 -14"><span class='ocrx_word' id='word_1_106' title='bbox 1002 2133 1210 2173; x_wconf 87' lang='lat' dir='ltr'><strong>Videndum</strong></span> <span class='ocrx_word' id='word_1_107' title='bbox 1229 2139 1299 2183; x_wconf 77' lang='lat' dir='ltr'><strong>est,</strong></span> <span class='ocrx_word' id='word_1_108' title='bbox 1315 2134 1485 2185; x_wconf 76' lang='lat' dir='ltr'><strong>inquam,</strong></span> 
     </span>
     <span class='ocr_line' id='line_1_33' title="bbox 248 2194 1308 2246; baseline -0.005 -9"><span class='ocrx_word' id='word_1_109' title='bbox 248 2197 363 2238; x_wconf 76' lang='lat' dir='ltr'><strong>Amici</strong></span> <span class='ocrx_word' id='word_1_110' title='bbox 383 2206 531 2246; x_wconf 87' lang='lat' dir='ltr'><strong>quoque</strong></span> <span class='ocrx_word' id='word_1_111' title='bbox 550 2206 625 2244; x_wconf 89' lang='lat' dir='ltr'><strong>res,</strong></span> <span class='ocrx_word' id='word_1_112' title='bbox 640 2194 771 2243; x_wconf 85' lang='lat' dir='ltr'><strong>Clinia,</strong></span> <span class='ocrx_word' id='word_1_113' title='bbox 792 2198 846 2233; x_wconf 85' lang='lat' dir='ltr'><strong>tm</strong></span> <span class='ocrx_word' id='word_1_114' title='bbox 866 2204 903 2231; x_wconf 82' lang='lat' dir='ltr'><strong>in</strong></span> <span class='ocrx_word' id='word_1_115' title='bbox 925 2196 1005 2231; x_wconf 89' lang='lat' dir='ltr'><strong>tuto</strong></span> <span class='ocrx_word' id='word_1_116' title='bbox 1025 2197 1066 2231; x_wconf 91' lang='lat' dir='ltr'><strong>ut</strong></span> <span class='ocrx_word' id='word_1_117' title='bbox 1081 2194 1308 2233; x_wconf 82' lang='lat' dir='ltr'><strong>conlocetur.</strong></span> 
     </span>
     <span class='ocr_line' id='line_1_34' title="bbox 247 2251 1426 2303; baseline -0.003 -7"><span class='ocrx_word' id='word_1_118' title='bbox 247 2259 339 2297; x_wconf 78' lang='lat' dir='ltr'><strong>Nam</strong></span> <span class='ocrx_word' id='word_1_119' title='bbox 358 2256 389 2295; x_wconf 91' lang='lat' dir='ltr'><strong>si</strong></span> <span class='ocrx_word' id='word_1_120' title='bbox 409 2266 506 2294; x_wconf 90' lang='lat' dir='ltr'><strong>nunc</strong></span> <span class='ocrx_word' id='word_1_121' title='bbox 520 2266 542 2294; x_wconf 81' lang='lat' dir='ltr'><strong>a</strong></span> <span class='ocrx_word' id='word_1_122' title='bbox 558 2254 662 2294; x_wconf 90' lang='lat' dir='ltr'><strong>nobis</strong></span> <span class='ocrx_word' id='word_1_123' title='bbox 679 2253 773 2303; x_wconf 87' lang='lat' dir='ltr'><strong>abis,</strong></span> <span class='ocrx_word' id='word_1_124' title='bbox 791 2260 829 2293; x_wconf 90' lang='lat' dir='ltr'><strong>et</strong></span> <span class='ocrx_word' id='word_1_125' title='bbox 844 2251 1063 2291; x_wconf 85' lang='lat' dir='ltr'><strong>Bacchidem</strong></span> <span class='ocrx_word' id='word_1_126' title='bbox 1081 2252 1142 2292; x_wconf 87' lang='lat' dir='ltr'><strong>hic</strong></span> <span class='ocrx_word' id='word_1_127' title='bbox 1159 2253 1363 2303; x_wconf 79' lang='lat' dir='ltr'><strong>relinquis;</strong></span> <span class='ocrx_word' id='word_1_128' title='bbox 1422 2280 1426 2281; x_wconf 16' lang='grc' dir='ltr'><em>γ</em></span> 
     </span>
    </p>
   </div>
   <div class='ocr_carea' id='block_1_5' title="bbox 1574 0 1624 2632">
    <p class='ocr_par' dir='ltr' id='par_1_5' title="bbox 1574 0 1624 2632">
     <span class='ocr_line' id='line_1_35' title="bbox 1574 0 1624 2632; baseline 0 0"><span class='ocrx_word' id='word_1_129' title='bbox 1574 0 1624 2632; x_wconf 95' lang='lat' dir='ltr'><strong> </strong></span> 
     </span>
    </p>
   </div>
  </div>
 </body>
</html>
