1624 2632
235 239 305 276 344
519 238 760 276 HEAUTON
791 236 1184 275 TmonUMENos.

764 332 808 358 Cn
815 333 834 358 u
841 331 944 357 iim-28.

593 379 669 417 Eia.

787 449 919 477 snus.

711 496 842 535 Mulier
854 495 1054 535 commoda
1070 498 1108 534 et

235 556 368 593 Faceta
387 553 466 593 haee
490 554 678 594 meretrix.

765 625 945 652 conanus.

688 668 691 669 ⁷
707 675 802 712 Sane
820 672 917 710 idem
934 673 1012 710 visa
1026 676 1082 711 est
1100 671 1204 710 mihi.

792 742 920 770 sinus.

238 794 282 829 Et
298 789 451 839 quidem
468 789 596 829 hercle
614 791 737 829 forma
755 790 955 828 luculenta.

769 859 946 887 cunnus.

973 908 1033 946 Sic
1048 911 1151 946 satis.

795 977 926 1005 snus.

241 1027 292 1063 lta
310 1035 385 1063 non
402 1029 445 1063 ut
462 1023 568 1073 olim,
588 1024 653 1063 sed
667 1025 722 1063 uti
740 1036 851 1072 nunc,
867 1035 955 1063 sane
973 1024 1094 1063 bona:

242 1083 462 1133 Minimeque
485 1083 617 1132 miror,
636 1083 754 1123 Clinia
765 1084 861 1122 hane
885 1083 916 1121 si
938 1083 1094 1132 deperit.

241 1142 312 1181 Sed
325 1142 439 1180 habet
451 1146 595 1192 patrem
608 1143 794 1192 quendam
808 1142 969 1193 avidum,
986 1142 1179 1189 miserum,
1192 1145 1303 1190 atque
1315 1139 1471 1178 aridum.

241 1198 408 1239 Vicinum
429 1201 528 1240 hunc
547 1215 556 1240 :
577 1201 724 1240 nostin?
741 1205 788 1240 At
803 1201 911 1250 quasi
925 1202 955 1239 is
975 1211 1049 1239 non
1066 1199 1205 1239 diuitiis

242 1251 427 1305 abundet,
448 1265 580 1310 gnatus
598 1260 680 1310 ejus
695 1260 856 1310 profugit
873 1260 1009 1309 inopia,

242 1318 318 1357 Scis
337 1329 418 1358 esse
434 1319 572 1358 factum
592 1325 632 1358 ut
645 1320 756 1358 dico?

773 1449 950 1476 canemus.

764 1497 857 1543 Quid
871 1508 940 1545 ego
959 1508 998 1534 m
1017 1497 1159 1535 sciam?

244 1553 434 1592 Hominem
454 1553 609 1603 pistrino
629 1554 795 1604 dignum.

796 1625 926 1652 snus.

811 1675 929 1718 Quem
940 1675 959 1710 ‘t

772 1744 952 1771 canones.

976 1793 1096 1828 Istunc
1111 1790 1298 1828 servolum
1358 1823 1360 1825 ,

242 1849 329 1904 Dico
346 1849 605 1888 adulescentis,

791 1919 923 1947 snus.

621 1969 728 2016 Syre,
749 1967 817 2005 tibi
836 1968 943 2005 timui
961 1967 1070 2006 male.

744 2036 750 2040 “
773 2028 951 2064 caumas}

240 2083 309 2129 Qui
322 2094 450 2132 passus
466 2089 522 2123 est
539 2085 578 2123 id
596 2085 688 2124 fieri.

792 2155 924 2183 snus.

713 2205 808 2251 Quid
829 2206 997 2244 faceret?

766 2276 945 2303 caumas.
1003 2308 1007 2313 .

1008 2324 1157 2372 Rogas?
