1624 2632
265 228 336 265 ΗΞ
556 229 797 266 HEAUTON
822 231 1211 272 TlMORUMENOS.

266 309 345 348 Tibi
365 311 516 348 credere
536 322 676 359 omma,
698 312 814 352 abste
832 319 959 363 petere
978 320 1015 354 et
1034 327 1184 365 poscere
1203 330 1215 358 x

266 370 317 406 Ne
337 380 449 418 quam
466 370 578 408 aliam
597 376 739 419 quaerat
759 373 920 422 copiam,
940 385 983 413 ac
1000 379 1036 413 te
1055 375 1216 415 deserat.

793 501 972 530 canemus.

264 547 380 591 immo
399 545 509 584 abeat
528 551 651 596 ponus
675 548 792 587 multo
812 550 944 598 quovis
962 551 1141 598 gentium,

263 606 378 649 Quam
401 605 458 642 hic
478 616 545 654 per
563 606 744 655 flagitium
762 608 810 645 ad
826 608 991 658 inopiam
1009 610 1151 660 redigat
1168 617 1338 661 patrem!

261 664 350 701 Nam
371 663 401 701 si
421 663 474 701 ilii
495 675 608 714 pergo
627 667 865 715 suppeditare
886 669 1111 718 sumptibus,

259 722 489 771 Menedeme,
514 724 605 762 mihi
621 724 714 764 illaec
734 736 821 764 vero
839 727 885 765 ad
904 732 1043 767 rastros
1058 739 1118 768 res
1136 730 1245 768 redit.

761 797 990 825 ueneni-:uus

234 860 235 863 =
255 840 353 884 Quot
372 842 693 882 incommoditates
710 844 747 882 in
766 845 837 884 hac
855 856 895 884 re
915 846 1087 895 accipies,
1112 847 1182 886 nisi
1200 851 1337 888 caves?

255 897 449 938 Difficilem
468 901 642 940 ostendes
662 907 698 941 te
718 914 812 950 esse,
833 909 871 943 et
886 904 1055 952 ignosces
1071 911 1196 945 tamen

256 959 339 996 Post
358 971 367 996 ε
391 963 429 997 et
446 958 484 998 id
506 960 703 1010 ingratum.

784 1093 962 1121 canemus.

724 1140 801 1178 Ah!
825 1142 944 1179 nescis
958 1152 1071 1191 quam
1090 1143 1250 1182 doleam.

755 1211 983 1239 summamus.

1247 1266 1290 1301 Ut
1308 1263 1426 1304 lubet.

249 1314 344 1359 Quid
361 1314 433 1353 hoe
447 1317 544 1364 quod
559 1316 655 1362 volo,
672 1321 714 1356 ut
732 1317 797 1356 illa
817 1318 933 1357 nubat
950 1322 1107 1358 nostro?
1122 1321 1192 1359 nisi
1208 1323 1299 1371 quid
1317 1329 1373 1362 est

248 1373 353 1418 Quod
371 1375 501 1412 mavis.

742 1479 746 1481 ἢ
771 1446 956 1474 canens.

532 1494 648 1531 Immo
667 1498 704 1532 et
717 1504 830 1542 gener
847 1499 884 1532 et
898 1495 1039 1534 adfines
1057 1496 1214 1545 placent.

559 1575 561 1577 ·
755 1564 986 1593 κεκευευυε.

245 1609 340 1654 Quid
354 1609 449 1648 dotis
463 1610 584 1649 dicam
598 1615 633 1650 te
650 1610 782 1650 dixisse
803 1612 916 1650 ffliae?

244 1668 337 1713 Quid
357 1669 574 1709 obticuisti?
893 1701 895 1703 ·

776 1740 955 1769 canemus.

587 1788 688 1827 Dotis
701 1790 720 1826 ἱ)

745 1860 978 1900 nummus.

737 1909 790 1946 lta
807 1908 905 1946 dico.

770 1978 949 2005 caumes.

872 2052 889 2058 Α.
919 2027 989 2075 Ab.

738 2097 971 2133 nummus.

1006 2145 1177 2195 Chreme,

237 2204 378 2287 Nequid
399 2215 566 2254 vereare,
585 2204 783 2248 siminus:
801 2205 854 2243 nil
876 2216 943 2243 nos
963 2206 1031 2243 dos
1050 2211 1185 2244 mov-et

251 2278 254 2285 ·
358 2287 363 2293 ,
490 2287 492 2290 >
517 2282 519 2287 ·
671 2274 676 2278 ·
698 2289 700 2293 v
765 2274 964 2302 caumes.

204 2322 314 2360 Duo
333 2322 470 2361 talenta
486 2333 554 2373 pro
570 2333 610 2362 re
626 2326 754 2361 nostra
772 2332 842 2359 esto
862 2333 943 2361 esse
959 2290 1104 2361 decrevi
1121 2322 1236 2363 satis:
