1586 2658
225 247 271 282 88
733 245 946 288 'mnam

675 366 862 406 SCENA
893 368 1012 407 VIII.

673 467 808 508 SIMO,
843 468 1011 501 DAVUS.

792 569 891 597 snio.

224 613 327 651 Nunc
348 617 383 651 te
399 625 480 660 oro,
500 617 612 665 Dave,
623 617 802 667 quoniam
821 618 921 657 solus
938 617 991 656 mi
1007 618 1161 658 effecisti
1177 617 1246 658 has
1264 620 1457 670 nuptias...

776 748 910 776 num.

224 791 298 838 Ego
315 801 404 829 vero
418 791 531 831 solus.

790 866 891 894 suro.

547 911 738 961 corrigere
754 914 847 951 mihi
867 918 1019 962 gnatum
1037 925 1151 964 porro
1166 914 1321 954 enitere.

775 982 907 1010 onus.

221 1024 365 1063 Faciam
386 1026 515 1066 hercle
533 1028 681 1068 sedulo.

793 1101 893 1128 sino.

680 1149 788 1186 Potes
799 1159 899 1187 nunc
910 1176 921 1194 ,
939 1149 1031 1187 dum
1045 1159 1190 1188 anlmus
1207 1154 1374 1188 irritatus
1385 1154 1454 1188 est.

772 1218 904 1246 uivus.

219 1260 404 1307 Quiescas.

787 1336 888 1363 Sfflo.

432 1385 508 1431 Age
522 1380 635 1432 igitur
650 1396 660 1421 ε
681 1383 747 1421 ubi
764 1394 863 1422 nunc
875 1389 931 1423 est
949 1384 1052 1434 ipsus
1062 1386 1083 1422 ‘t

773 1455 906 1482 nnus.

1047 1503 1200 1551 Mirum,
1216 1503 1256 1542 ni
1271 1502 1374 1541 domi
1382 1508 1451 1541 est.

786 1573 886 1601 suro.

216 1618 347 1715 lbqssed
366 1630 452 1658 eum
471 1633 482 1659 ε
501 1624 613 1670 atque
630 1620 761 1660 eadem
780 1621 859 1660 haec
876 1620 945 1660 tibi
963 1632 1047 1671 quae
1061 1621 1161 1670 dixi,
1183 1622 1304 1660 dicam
1321 1622 1452 1660 itidem

264 1688 276 1714 1
307 1689 332 1716 1.

683 1791 873 1832 SCENA
909 1792 984 1833 IX.

750 1889 918 1925 DAVUS.

597 1828 625 1843 Q

761 1987 895 2015 nnus.

354 2034 485 2074 Nullus
497 2046 594 2075 sum.

212 2092 308 2140 Quid
323 2105 443 2133 eausae
459 2099 540 2142 est,
554 2092 644 2143 quin
665 2094 753 2134 hinc
767 2094 807 2133 in
819 2093 1018 2144 pistrinum
1032 2098 1134 2134 recta
1145 2093 1355 2144 proficiscar
1366 2094 1452 2134 via?

211 2146 311 2192 'Nihil
326 2158 383 2193 est
401 2155 501 2204 preci
518 2155 590 2193 loci
611 2154 782 2193 relictum
792 2169 804 2203 3
821 2155 902 2204 jam
921 2154 1135 2204 perturbavi
1151 2152 1282 2193 omnia'
1294 2168 1307 2194 τ

212 2215 348 2252 Herum
362 2213 481 2252 fefelli
504 2214 571 2253 :in
592 2213 741 2263 nuptias
755 2213 899 2263 conjeci
919 2213 1078 2252 herilem
1095 2214 1234 2253 tilium:

211 2273 293 2311 Feci
323 2273 437 2312 hodie
456 2276 498 2311 ut
516 2273 648 2311 fierent
659 2302 672 2320 ‚
704 2273 918 2322 insperante
942 2273 1036 2321 hoc,
1065 2277 1177 2322 atque
1193 2273 1314 2322 ,mvito
1344 2276 1448 2312 Pam-

257 2332 373 2372 nhilo.
