1624 2632
245 218 313 254 298
537 220 778 257 HEAUTON
802 222 1194 260 TlMORUMENos.

245 302 297 338 Ad
318 312 445 340 cenam
469 306 509 340 ut
528 302 648 341 veniat
669 302 771 346 :ibo‚
790 302 902 340 visam
924 303 955 340 si
974 303 1074 340 domi
1092 310 1160 342 est.

244 360 340 398 Nihil
363 372 457 410 opus
477 361 546 399 fuit
563 361 744 400 monitore
764 375 773 400 :
791 361 1013 410 jamdudum
1031 362 1133 409 domi

246 422 379 458 Praesto
399 420 495 469 apud
516 431 576 458 me
592 431 672 459 esse
691 419 815 466 aiunt3
837 426 986 468 egomet
1001 421 1171 459 convivas
1189 432 1329 461 moror.

245 478 306 516 Ibo
324 478 417 517 adeo
435 479 517 518 hinc
534 479 644 517 intro.
668 478 739 517 Sed
756 479 845 527 quid
866 485 1090 528 crepuerunt
1110 480 1209 519 sores

244 536 333 575 Hinc
352 549 375 575 a
388 540 473 577 me?
493 538 667 584 Quisnam
687 538 903 586 egreditur?
920 540 995 576 Huc
1013 549 1244 578 concessero.

716 667 902 706 SCENA
931 666 1010 706 III.

598 778 850 820 CLlTlPHO‚
879 778 1123 813 CHREMES.

771 894 955 921 emmeno,

243 938 342 977 Nihil
360 939 481 978 adhuc
500 946 569 989 est,
586 941 689 990 quod
706 953 872 990 vereare,
889 941 1007 980 Clinia
1029 955 1038 980 ε
1058 942 1348 991 haudquaquam
1367 946 1480 981 etiam

291 1003 435 1036 cessant
457 1012 465 1037 :

244 1059 287 1094 Et
305 1057 405 1094 illam
427 1057 536 1095 simul
553 1069 638 1096 cum
659 1059 790 1097 nuntio
806 1058 870 1097 tibi
891 1059 950 1098 hic
968 1059 1182 1097 adfuturam
1203 1059 1313 1107 hodie
1330 1059 1419 1097 scio.

245 1115 352 1153 Proin
365 1120 405 1154 tu
419 1116 692 1156 solicitudinem
706 1118 812 1156 istam
827 1118 971 1162 falsam,
986 1129 1068 1168 quae
1082 1123 1118 1157 te
1128 1122 1328 1166 excruciat,
1341 1118 1480 1157 mittas.

773 1189 954 1216 canamus.

243 1234 400 1279 Quicum
416 1233 580 1283 loquitur
598 1235 726 1274 filius?

770 1305 953 1334 cunmo.

245 1354 353 1390 Pater
371 1351 489 1397 adest,
509 1363 620 1401 quem
635 1352 735 1391 volui
753 1366 764 1392 ι
785 1353 909 1393 adibo.
930 1357 1053 1401 Pater,
1070 1357 1280 1404 opportune
1297 1352 1460 1392 advenis.

773 1483 950 1512 caumas·

244 1523 340 1575 Quid
357 1527 394 1566 id
407 1529 490 1567 est?

769 1600 951 1629 cummo-

479 1648 580 1690 Hunc
599 1647 855 1686 Menedemum
874 1649 995 1687 nostin
1016 1653 1185 1688 nostrum
1206 1651 1392 1687 vicinum?

771 1718 948 1746 CHREMES.

1279 1771 1282 1774 “
1345 1767 1476 1807 Probe.

427 1862 429 1864 ,
769 1837 954 1864 curuum.

244 1881 332 1921 Huic
350 1882 467 1922 tilium
485 1883 556 1922 scis
574 1885 683 1922 esse?

769 1953 946 1980 canamus.

692 2004 823 2042 Audivi
841 2015 921 2042 esse
936 2005 974 2043 in
986 2004 1086 2044 Asia.

770 2074 954 2103 emmeno.

1093 2124 1175 2162 Non
1188 2127 1259 2173 est,
1276 2127 1383 2175 pater
1395 2137 1410 2165 ι

243 2178 351 2229 Apud
365 2189 433 2218 nos
447 2182 517 2220 est.

769 2251 946 2279 cunnus.

501 2296 597 2343 Quid
610 2297 691 2336 ais?
