1624 2632
684 358 894 408 ACTUS
939 360 1180 410 PRIMUS

810 641 989 682 SCENA
1025 642 1057 682 Ι.

642 748 891 792 CHREMES,
917 751 1229 789 MENEDEMUS.

843 858 1022 887 CHREMES.

313 906 547 953 Quamquam
563 905 642 943 baec
658 904 755 943 inter
770 916 838 943 nos
853 917 971 954 nuper
987 906 1119 946 notitia
1139 908 1337 948 admodum
1352 918 1422 957 est,

316 962 404 1001 Inde
418 963 512 1001 adeo
531 964 630 1012 quod
649 974 780 1011 agrum
797 963 834 1001 in
855 975 1036 1013 proxumo
1054 965 1114 1004 hic
1133 973 1316 1007 mercatus
1332 980 1386 1016 es,

315 1022 390 1059 Nec
407 1020 462 1059 rei
481 1021 561 1060 fere
577 1033 665 1060 sane
681 1022 841 1071 amplius
857 1023 1058 1072 quicquam
1078 1024 1149 1063 ruit
1162 1040 1174 1063 ε

316 1082 453 1118 Tamen
471 1080 528 1118 vel
548 1081 664 1118 virtus
680 1085 743 1118 tua
761 1091 834 1126 me,
854 1082 911 1120 vel
927 1082 1107 1131 vicinitas,

313 1139 423 1184 Quod
443 1149 510 1187 ego
526 1138 564 1176 in
584 1139 791 1188 propinqua
807 1146 911 1188 parte
931 1141 1103 1181 amicitiae
1119 1147 1225 1192 puto,

316 1196 417 1235 Facit
432 1203 472 1235 ut
490 1202 527 1235 te
547 1197 723 1235 audacter
740 1209 911 1237 moneam
931 1204 970 1238 et
990 1200 1237 1250 familiariter,

316 1257 422 1303 Quod
441 1256 533 1294 mihi
549 1257 674 1295 videre
693 1263 829 1307 praeter
846 1263 994 1297 aetatem
1013 1264 1115 1298 tuam
1173 1290 1177 1295 .

316 1318 463 1359 Facere,
487 1320 524 1354 et
542 1320 677 1365 praeter
694 1327 806 1365 quam
823 1328 883 1355 res
900 1322 935 1356 te
955 1318 1176 1358 adhortatur
1192 1325 1268 1359 tua.

315 1378 408 1413 Nam
428 1386 496 1424 pro
515 1376 627 1413 deum
646 1379 759 1424 atque
779 1375 975 1415 hominum
996 1378 1123 1426 tidem,
1143 1380 1234 1429 quid
1250 1381 1304 1419 vis
1320 1381 1414 1421 tibi?

314 1434 411 1480 Quid
427 1435 588 1483 quaeris?
608 1438 731 1472 Annos
747 1435 934 1482 sexaginta
947 1441 1055 1475 natus
1074 1449 1128 1486 es,

316 1497 387 1532 Aut
405 1493 489 1542 plus
507 1504 567 1540 eo,
588 1498 628 1531 ut
649 1493 821 1541 conjicio.
842 1498 981 1542 Agrum
1001 1495 1038 1533 in
1060 1496 1118 1534 his
1135 1498 1348 1546 regionibus

315 1552 521 1600 Meliorem,
538 1563 658 1601 neque
677 1553 771 1601 preti
794 1554 960 1601 maioris,
977 1565 1088 1594 nemo
1104 1555 1235 1605 habet;

315 1614 450 1650 Servos
463 1610 663 1660 compluris
682 1624 691 1648 ε
709 1612 864 1660 proinde
877 1613 984 1661 quasi
998 1625 1107 1652 nemo
1126 1615 1210 1663 siet,

317 1673 370 1708 lta
387 1675 465 1709 tute
482 1670 631 1708 adtente
648 1669 798 1709 illorum
819 1671 943 1709 officia
958 1671 1123 1721 fungere.

316 1733 525 1778 Numquam
543 1734 620 1767 tam
638 1740 747 1767 mane
767 1729 952 1778 egredior,
973 1742 1094 1780 neque
1110 1737 1186 1771 tam
1205 1745 1348 1783 vesperi

317 1791 475 1826 Domum
492 1792 673 1834 revortor,
691 1788 781 1836 quin
802 1792 839 1826 te
859 1788 897 1826 in
917 1789 1032 1828 fundo
1050 1792 1241 1840 conspicer

316 1840 473 1894 Fodere,
489 1851 552 1884 aut
570 1856 691 1893 arare,
706 1851 772 1884 aut
788 1846 931 1896 aliquid
950 1847 1062 1887 ferre.
1079 1850 1246 1899 Denique

316 1905 464 1943 Nullum
485 1904 643 1943 remittis
662 1909 824 1953 tempus,
842 1916 963 1955 neque
980 1911 1017 1945 te
1037 1908 1203 1957 respicis.

316 1966 398 2001 Haec
415 1974 488 2000 non
505 1962 684 2012 votuptati
702 1963 767 2001 tibi
782 1974 878 2012 esse,
897 1965 987 2003 satis
1003 1971 1105 2005 certo
1124 1967 1212 2006 scio.
1230 1971 1275 2006 At

318 2022 422 2058 Enim
443 2022 543 2059 dices
563 2035 572 2059 z
591 2027 770 2070 quantum
789 2022 848 2061 hic
863 2024 986 2072 operis
1003 2025 1077 2067 fiat,
1097 2026 1262 2073 poenitet.

316 2079 419 2124 Quod
436 2080 473 2116 in
491 2086 603 2128 opere
624 2080 796 2119 faciundo
817 2092 941 2130 operae
957 2085 1143 2121 consumis
1159 2089 1245 2133 tuae,

316 2137 352 2175 si
371 2148 496 2175 sumas
513 2138 551 2175 in
571 2138 645 2176 iliis
660 2140 890 2187 exercendis,
911 2140 996 2189 plus
1014 2152 1113 2189 agas.

354 2325 368 2350 4
375 2340 384 2350 .
400 2323 481 2350 cette
491 2322 572 2350 scene
581 2331 598 2350 a
609 2323 738 2360 toujours
750 2326 794 2352 ete
805 2325 967 2354 consider-ce
979 2334 1088 2355 comme
1098 2337 1134 2355 un
1144 2329 1350 2359 cher-d’oeuvre
1360 2331 1417 2360 d'ex
1422 2335 1553 2368 posltlou.
