1624 2632
283 229 353 265 296
574 232 817 270 HEAUTON
843 232 1227 270 TIMORUMENOS.

812 320 990 347 canens.

283 364 511 409 Menedeme,
526 370 564 403 at
579 376 691 415 porro
711 371 810 406 recte
829 379 952 417 spero,
973 372 1011 406 et
1028 367 1135 405 illum
1155 367 1222 406 tibi

283 421 430 459 Salvum
444 423 658 463 adfuturum
675 436 757 464 esse
774 426 833 463 hic
845 426 992 464 confido
1008 425 1239 475 propediem.

346 505 365 510 --
386 476 399 483 ”
787 496 1015 523 mantuanus.

288 539 430 578 Utinam
454 541 507 580 ita
519 541 558 580 di
578 542 707 581 faxint.

813 613 991 642 cunnus.

723 661 886 700 Facient.
908 664 1026 708 Nunc,
1047 673 1079 700 ει
1098 661 1403 704 commodumstz

281 714 453 766 Dionysia
465 717 525 758 hic
542 724 628 759 sunt
642 718 768 768 hodie,
791 721 892 770 apud
912 732 972 759 me
993 720 1043 759 sis
1064 720 1163 759 volo.

787 850 1014 878 annuemus.

282 896 361 932 Non
385 905 548 944 possum.

813 968 989 995 cunnus.

566 1014 640 1051 Cur
657 1016 761 1052 non?
784 1017 914 1060 Quaeso
936 1016 1087 1055 tandem
1106 1017 1377 1067 aliquantulum

282 1068 363 1107 Tibi
381 1081 492 1119 parce
510 1084 520 1109 ε
541 1071 642 1110 idem
662 1073 794 1111 absens
813 1073 934 1113 facere
950 1079 987 1113 te
1007 1076 1079 1114 hoc
1092 1077 1169 1115 volt
1186 1077 1295 1115 filius.

786 1145 1017 1185 nsussnemus.

282 1190 362 1226 Non
379 1189 565 1234 convenit,
586 1190 651 1239 qui
666 1191 774 1229 inum
787 1193 834 1230 ad
852 1192 1021 1231 laborem
1038 1194 1286 1243 impellerem.

282 1249 385 1285 Nunc
404 1258 465 1286 me
483 1247 605 1297 ipsum
625 1249 766 1298 fugere.

811 1321 988 1348 CHREMES.

781 1369 921 1407 Siccine
939 1376 995 1408 est
1013 1371 1194 1410 sententia
1202 1374 1221 1409 ‘I

785 1439 1016 1467 mammenus.

281 1482 352 1522 Sic.

810 1556 990 1583 caumes.

351 1603 448 1639 Bene
461 1599 556 1640 vale.

782 1674 1012 1702 MENEDEuUS.

570 1722 613 1758 Et
629 1723 681 1758 tu.

764 1814 949 1854 SCENA
985 1815 1038 1855 ΙΙ.

777 1913 1019 1947 CHREMES.

806 2018 984 2046 caumes.

697 2067 895 2104 Lacrumas
913 2066 1072 2105 excussit
1090 2067 1195 2113 mihi,

278 2120 498 2170 Miseretque
515 2112 575 2161 ine
594 2121 702 2171 ejus:
723 2125 789 2162 sed
811 2129 850 2162 ut
869 2124 943 2163 diei
960 2129 1106 2174 tempus
1121 2131 1189 2172 est,

277 2183 427 2219 Monere
443 2185 589 2230 oportet
609 2193 670 2220 me
688 2183 788 2221 hunc
806 2184 967 2222 vicinum
983 2185 1174 2229 Phaniam,

316 2315 343 2344 ¹.
355 2316 428 2344 Vere
440 2317 502 2343 tout
514 2315 638 2352 nantel,
655 2319 684 2344 et
696 2317 743 2353 qui
755 2319 877 2354 prepare
890 2318 1064 2347 habilement
1073 2318 1102 2347 le
1114 2322 1213 2347 κίοσι·
1222 2316 1260 2347 de
1272 2319 1373 2346 Clinia.
