1586 2658
246 217 292 254 96
558 252 563 259 ‚
759 217 966 253 ANDRIA.

249 343 254 346 Ι
323 344 327 346 .
511 344 514 347 Ι
583 346 585 348 q
757 306 977 334 ruiramus.

248 354 343 401 Quid
356 354 505 393 tandem
517 356 537 392 ‘t

573 463 578 468 ¹
769 425 964 452 eruamus.

495 502 498 506 ι
557 472 676 511 Etiam
695 483 793 510 nunc
812 483 873 510 me
890 472 1027 511 ducere
1046 471 1128 510 istis
1145 471 1254 512 dictis
1271 474 1466 522 postulas?

719 540 723 544 ’
754 541 973 570 nummis.

247 590 344 638 Quid
357 590 452 630 istuc
469 592 554 629 est?

770 659 964 686 cuminus.

579 710 778 756 Postquam
792 718 851 745 me
870 717 997 746 amare
1009 706 1104 754 dixi,
1118 707 1369 756 complacitast
1380 708 1459 746 tibi.

248 771 324 807 Heu
339 779 399 807 me
412 768 603 813 miserum,
622 768 687 817 qui
705 772 809 806 tuum
828 767 995 806 animum
1011 778 1056 806 ex
1067 767 1193 806 animo
1210 768 1370 817 spectavi
1385 779 1482 806 meo.

753 897 971 925 nummus.

247 946 374 985 Falsus
387 947 429 984 ’s.

767 1014 965 1042 emamus.

437 1066 566 1102 Nonne
582 1061 651 1100 tibi
670 1061 758 1100 satis
772 1072 854 1100 esse
872 1062 943 1100 hoc
953 1061 1075 1101 visum
1086 1061 1283 1101 solidumst
1294 1062 1484 1112 gaudium,

246 1124 324 1162 Nisi
340 1133 400 1161 me
419 1122 592 1161 lactasses
607 1125 814 1168 amantem,
834 1124 872 1159 et
891 1120 986 1159 falsa
1003 1131 1070 1171 spe
1089 1121 1345 1170 produceres?

247 1182 402 1221 Habeas.

758 1251 978 1278 rimamus.

224 1338 227 1349 ‚
425 1274 618 1337 Habeam?
634 1298 692 1336 Ah
711 1298 831 1336 nescis
846 1297 996 1347 quantis
1011 1298 1050 1336 in
1065 1298 1174 1337 malis
1187 1309 1314 1338 verser
1332 1299 1471 1338 miser·
1460 1328 1471 1347 ‚

247 1362 483 1407 Quantasque
499 1358 559 1396 hic
572 1356 648 1395 suis
663 1357 826 1395 consiliis
839 1357 932 1394 mihi
951 1356 1111 1396 confecit
1124 1357 1394 1397 sollicitudines

249 1419 350 1455 Meus
368 1414 559 1454 carnufex.

771 1483 968 1511 emamus.

451 1533 546 1580 Quid
559 1533 653 1571 istuc
665 1536 742 1569 tam
757 1532 952 1578 mirumst,
973 1531 1021 1570 de
1034 1536 1071 1570 te
1085 1532 1117 1570 si
1135 1533 1346 1581 exemplum
1364 1534 1488 1583 capit?

279 1637 281 1639 Ι
519 1608 521 1610 ·
759 1593 979 1629 PAMPHILUS.

249 1653 352 1692 Haud
370 1653 464 1690 istuc
481 1651 604 1698 dicas,
624 1650 655 1688 si
670 1650 842 1698 cognoris
856 1649 914 1687 vel
934 1660 993 1687 me
1007 1650 1065 1688 vel
1077 1661 1244 1688 amorem
1259 1661 1396 1689 meum.

710 1767 714 1771 “
773 1778 965 1805 cuminus.

250 1832 331 1871 Scio
350 1846 360 1870 :
381 1842 467 1870 cum
480 1834 586 1880 patre
599 1830 786 1868 altercasti
804 1830 947 1867 dudum
967 1842 977 1867 :
996 1834 1034 1867 et
1051 1829 1083 1867 is
1095 1840 1193 1868 nunc
1208 1836 1408 1879 propterea
1418 1831 1489 1871 tibi
1530 1813 1534 1816 ι

250 1893 450 1930 succenset
470 1903 481 1929 ε
499 1900 570 1929 nee
585 1893 622 1927 te
634 1888 753 1938 quivit
767 1888 880 1927 hodie
893 1899 1026 1937 cogere
1036 1917 1050 1936 ,
1067 1888 1170 1926 illam
1190 1894 1231 1928 ut
1248 1890 1415 1928 duceres.

236 2111 238 2113 ,
315 2112 317 2114 ,
757 2076 976 2104 nummus.

251 2132 367 2168 Immo
385 2129 496 2168 etiam
507 2159 519 2177 ,
536 2140 610 2178 quo
625 2134 665 2167 tu
685 2128 809 2166 minus
827 2128 898 2166 scis
910 2138 1095 2166 aerumnas
1110 2138 1233 2174 meas,

287 2231 309 2258 1.
330 2227 471 2258 coz-aeine.
483 2237 501 2257 a
513 2228 643 2265 employe
659 2232 733 2257 cette
745 2230 848 2265 pensee
869 2253 871 2255 ,

505 2292 651 2316 eonnmssez
663 2295 717 2317 tout
729 2293 743 2317 a
756 2293 802 2317 tait
816 2292 940 2317 l'humeur
954 2293 984 2316 de
997 2293 1114 2317 rinndele
1127 2312 1129 2314 .

503 2328 576 2353 Votre
585 2335 670 2353 amour
683 2329 817 2353 seulement
830 2329 854 2352 la
861 2329 900 2352 lui
913 2328 959 2352 fait
972 2331 1071 2353 trouver
1084 2329 1147 2352 belle
