1624 2632
235 214 304 250 190
603 196 607 202 “
742 212 962 250 HECYRA.

234 294 283 329 Te
305 293 518 331 immerito?
539 304 585 330 an
615 292 810 341 quicquam
836 303 904 342 pro
933 292 1011 330 istis
1039 293 1145 331 factis
1166 291 1317 341 dignum
1338 298 1375 330 te
1399 291 1471 332 dici

283 354 429 399 potest?

233 411 320 454 Quae
340 421 398 448 me
418 414 455 448 et
476 415 511 448 te
528 415 565 448 et
585 408 764 448 familiam
783 410 1006 457 dedecoras;
1031 410 1106 448 {ilio
1126 410 1264 448 luctum
1283 421 1391 459 paras
1411 423 1421 448 ε

233 469 325 504 Tum
348 473 489 517 autern,
508 480 552 507 ex
570 469 698 507 amicis
721 469 859 507 inimici
877 475 915 507 ut
935 469 1008 508 sint
1026 469 1132 507 nobis
1150 469 1306 516 adfines,
1326 469 1415 507 facis
1432 482 1444 507 :

233 530 301 574 Qui
321 529 423 567 illum
444 531 641 568 decrerunt
663 530 829 577 dignum,
846 541 933 568 suos
951 529 1009 568 cui
1029 529 1165 568 liberos
1184 529 1469 569 committerent.

235 589 285 625 Tu
305 588 383 626 sola
398 599 563 635 exorere,
587 600 670 638 quae
688 589 883 637 perturbes
901 589 978 628 haec
991 593 1055 627 tua
1073 588 1316 638 impudentia.

751 658 950 686 sosrmn.

234 707 360 754 Egon?

777 775 923 802 means.

375 826 427 861 Tu
441 853 451 870 ,
480 823 646 872 inquam,
667 823 815 870 mulier,
833 834 915 872 quae
933 833 993 861 me
1018 822 1169 861 omnino
1190 822 1374 872 lapidem,
1394 833 1468 861 non

280 882 469 920 hominem
490 887 612 931 putas.
1038 912 1043 916 ,

232 944 300 987 An,
321 942 409 990 quia
426 942 502 979 ruri
519 941 650 980 crebro
669 952 750 979 esse
771 941 888 988 soleo,
908 940 1050 979 nescire
1068 940 1314 986 arbitramini,

232 1001 311 1044 Quo
331 1000 487 1049 quisque
506 1005 614 1049 pacto
635 999 693 1038 hic
715 1000 825 1037 vitam
847 1004 1052 1037 vestrarum
1071 999 1220 1047 exigat?

231 1058 345 1096 Multo
377 1059 510 1097 melius
540 1058 601 1097 hic
623 1069 706 1108 quae
731 1058 845 1102 fiunt,
876 1069 989 1107 quam
1011 1057 1064 1095 illi
1091 1057 1156 1096 ubi
1184 1068 1268 1096 sum
1294 1056 1468 1105 adsidue,

279 1117 379 1165 sci0;

231 1176 317 1214 Ideo
329 1176 428 1225 quia,
439 1180 481 1215 ut
495 1187 561 1215 vos
573 1175 667 1214 mihi
680 1176 782 1214 domi
796 1175 911 1221 eritis,
928 1175 1086 1225 proinde
1098 1186 1168 1224 ego
1178 1186 1243 1213 ero
1254 1174 1355 1213 fama
1363 1174 1465 1213 soris.

230 1235 457 1284 Jampridem
477 1235 651 1284 equidem
666 1235 790 1272 audivi
810 1235 950 1283 cepisse
967 1234 1095 1273 odium
1115 1234 1169 1272 tui
1187 1234 1466 1272 Philumenam:

231 1294 455 1343 Minimeque
481 1295 576 1332 adeo
603 1294 761 1341 mirum3
788 1298 839 1341 et,
863 1293 901 1331 ni
924 1293 963 1331 id
995 1293 1160 1340 fecisset,
1187 1294 1304 1341 magis
1332 1293 1467 1331 mirum

279 1354 388 1392 soret.
1094 1368 1101 1372 ·

232 1413 303 1451 Sed
322 1424 397 1451 non
413 1412 554 1451 credidi
574 1413 669 1450 adeo
689 1417 731 1450 ut
747 1412 858 1450 etiam
875 1416 991 1450 totam
1008 1408 1105 1450 hanc
1124 1411 1262 1449 odisset
1274 1411 1452 1448 domum:

231 1473 335 1519 Quod
353 1473 383 1511 si
401 1473 566 1520 scissem,
579 1472 644 1511 illa
662 1471 724 1510 hic
744 1477 911 1509 maneret
930 1472 1066 1520 potius,
1087 1475 1127 1508 tu
1147 1471 1233 1509 hinc
1250 1471 1341 1508 isses
1353 1472 1466 1508 foras.

233 1537 278 1571 At
290 1532 384 1575 vide,
403 1542 516 1580 quam
531 1530 718 1569 immerito
736 1529 917 1579 aegritudo
935 1530 1013 1568 haec
1027 1529 1146 1567 oritur
1167 1530 1218 1566 mi
1232 1529 1298 1567 abs
1317 1533 1367 1573 te,
1385 1531 1470 1567 Sos-

279 1596 373 1630 trata
394 1604 403 1629 :

231 1653 306 1688 Rus
321 1649 527 1687 habitatum
544 1648 630 1693 abii,
651 1648 858 1686 concedens
878 1648 979 1685 vobis
996 1651 1033 1685 et
1052 1647 1106 1684 rei
1125 1647 1300 1692 serviens,

232 1711 406 1758 Sumptus
423 1713 564 1746 vestros
580 1707 772 1756 otiumque
793 1712 832 1744 ut
849 1711 975 1744 nostra
995 1717 1054 1744 res
1071 1711 1195 1755 posset
1210 1706 1300 1755 pati,

231 1771 311 1806 Meo
347 1767 465 1805 labori
503 1766 603 1805 haud
639 1777 813 1815 parcens,
845 1770 979 1814 praeter
1003 1776 1150 1814 aequum
1179 1769 1290 1813 atque
1321 1767 1468 1803 aetatem

279 1837 414 1865 meam.

231 1889 311 1925 Non
335 1891 371 1924 te
391 1896 458 1935 pro
478 1885 538 1923 his
552 1895 701 1923 curasse
721 1883 848 1931 rebus,
871 1894 919 1921 ne
939 1882 1031 1933 quid
1050 1893 1148 1931 aegre
1166 1886 1266 1922 esset
1280 1882 1398 1921 mihi?

753 1954 950 1981 sosrmiu.

230 2006 309 2043 Non
330 2014 414 2042 mea
433 2014 548 2053 opera
564 2013 686 2052 neque
707 2002 769 2051 pol
787 2002 895 2051 culpa
913 2000 1045 2039 evenit.

776 2071 926 2099 LACHES.

1057 2121 1174 2157 Immo
1192 2128 1362 2157 maxume
1376 2131 1389 2157 ι

231 2181 317 2221 Sola
336 2181 396 2219 hic
411 2178 536 2218 fuisti:
558 2179 596 2217 in
614 2183 651 2218 te
670 2178 791 2218 omnis
804 2177 1038 2226 haeretculpa
1056 2177 1149 2221 sola,
1169 2180 1345 2216 Sostrata.

231 2242 318 2286 Quae
335 2239 395 2278 hic
411 2243 516 2278 erant
531 2249 696 2286 curares,
712 2249 827 2287 quum
850 2249 919 2286 ego
938 2248 1003 2275 vos
1021 2236 1111 2274 solvi
1132 2237 1230 2275 curis
1248 2237 1394 2276 ceteris.
1414 2243 1426 2253 ⁰

232 2301 323 2338 Cum
337 2296 462 2349 puella
476 2308 588 2336 anum
602 2297 806 2347 suscepisse
824 2297 911 2335 inim
918 2295 1031 2335 icitias
1045 2306 1119 2334 non
1138 2295 1280 2346 pudet?
