1624 2632
206 208 275 245 292
498 207 739 245 HEAUTON
764 208 1155 245 TlMORUMENOS.

214 290 395 332 Tractare,
412 288 477 326 sed
494 287 528 326 vi
548 293 585 327 et
603 289 662 327 via
681 289 894 338 pervolgata
911 293 1073 337 patrum.

212 346 384 391 Quotidie
398 347 618 386 accusabam
637 361 646 386 ε
665 348 754 387 hem
770 348 884 386 tibine
904 348 983 386 haec
1001 346 1141 385 diutius

211 404 334 443 Licere
352 416 480 454 speras
497 407 620 446 facere
636 417 697 446 me
717 407 798 445 vivo
819 410 940 455 patre,

211 464 375 507 Amicam
394 469 433 503 ut
450 465 587 504 habeas
607 477 724 515 prope
740 466 819 515 jam
841 466 876 503 in
896 466 1020 504 uxoris
1035 465 1143 504 loco?

212 524 333 566 Erras,
357 535 387 561 ει
408 523 446 561 id
464 523 601 572 credis,
618 529 655 563 et
668 535 728 563 me
749 525 909 573 ignoras,
924 523 1056 563 Clinia.

213 583 284 630 Ego
301 587 337 619 te
356 593 481 620 meum
498 593 577 621 esse
594 583 667 622 dici
681 583 860 632 tantisper
878 583 978 631 volo,

214 642 319 687 Dum,
339 641 439 689 quod
460 645 497 680 te
516 641 719 690 dignumst,
739 641 877 680 facies:
899 641 966 680 sed
982 641 1013 680 si
1031 640 1069 678 id
1088 651 1162 678 non
1180 638 1271 678 facis

214 701 302 747 Ego,
325 699 425 748 quod
447 711 506 737 me
526 699 563 738 in
585 705 621 738 te
637 701 684 738 sit
702 700 824 739 facere
842 700 1009 749 dignum,
1026 699 1212 737 invenero.

214 757 320 795 Nulla
340 758 435 797 adeo
458 769 502 796 ex
520 770 561 797 re
575 759 668 798 istuc
684 759 738 805 lit,
756 759 825 797 nisi
844 771 887 797 ex
907 759 1021 797 nimio
1041 758 1132 797 otio.

215 819 288 864 Ego
306 817 399 855 istuc
417 818 535 856 aetatis
550 829 624 856 non
643 819 760 857 amori
781 829 931 867 operam
952 818 1102 865 dabam,

215 875 283 913 Sed
305 875 340 912 in
357 876 478 913 Asiam
496 876 581 914 hinc
600 877 673 913 abii
693 882 845 924 propter
865 877 1096 925 pauperiem,
1117 880 1226 924 atque
1243 873 1295 912 ihi

216 933 332 971 Simul
353 944 430 971 rem
450 938 486 972 et
505 935 660 983 gloriam
678 935 791 972 armis
808 935 894 973 belli
915 935 1076 983 repperi.

217 994 409 1030 Postremo
430 992 523 1030 adeo
542 1004 599 1030 res
614 992 750 1031 rediit:
773 993 1070 1032 adulescentulus

217 1051 320 1099 Saepe
335 1050 467 1089 eadem
488 1054 526 1089 et
545 1051 706 1099 graviter
724 1052 909 1090 audiendo
925 1052 1043 1090 victus
1063 1056 1119 1089 est
1136 1064 1148 1090 ι

217 1109 361 1147 Putavit
378 1120 439 1147 me
457 1114 495 1148 et
513 1114 621 1148 aetate
640 1115 677 1148 et
695 1110 954 1149 benevolentia

218 1168 303 1205 Plus
319 1168 413 1207 scire
427 1173 464 1207 et
479 1169 688 1218 providere,
710 1180 821 1217 quam
842 1180 881 1207 se
901 1170 1023 1218 ipsum
1042 1169 1112 1207 sibi
1128 1182 1138 1207 ε

219 1229 258 1264 ln
274 1227 397 1265 Asiam
416 1228 463 1266 ad
482 1238 605 1276 regem
625 1227 822 1265 militatum
843 1228 948 1275 abiit,
965 1227 1135 1266 Chreme.

748 1299 927 1325 caumes.

220 1345 315 1391 Quid
335 1346 417 1383 ais?

724 1416 955 1443 menemus.

423 1463 524 1502 Clam
544 1474 604 1502 me
620 1464 821 1513 profectus,
841 1464 978 1502 mensis
993 1464 1061 1502 tris
1078 1464 1195 1503 abest.

748 1592 927 1619 caumes.

221 1641 340 1679 Ambo
360 1639 556 1679 accusandi
575 1654 585 1678 :
606 1640 674 1678 etsi
690 1639 783 1677 illud
804 1641 993 1688 inceptum
1011 1644 1135 1677 tamen

222 1699 343 1738 Animi
361 1706 418 1738 est
431 1699 604 1748 pudentis
624 1699 770 1746 signum
793 1704 831 1736 et
847 1709 921 1736 non
942 1698 1134 1736 instrenui.

725 1768 954 1795 nummus.

223 1819 290 1857 Ubi
306 1819 470 1868 comperi
487 1829 529 1857 ex
550 1818 606 1864 iis,
625 1817 689 1867 qui
703 1818 739 1856 ei
755 1817 859 1855 fuere
873 1815 1024 1863 conscii,

222 1881 378 1917 Domum
396 1882 564 1916 revortor
581 1882 747 1923 maestus,
768 1882 880 1925 atque
903 1876 1028 1913 animo
1048 1875 1128 1913 fere

223 1937 448 1975 conturbato
466 1941 578 1985 atque
591 1937 731 1974 incerto
753 1946 829 1984 prae
848 1934 1079 1983 aegritudine.

222 1996 358 2034 Adsido
379 2010 388 2034 :
407 1996 609 2034 adcurrunt
627 1995 722 2033 servi
741 2007 750 2032 :
774 2004 898 2032 soccos
918 1992 1120 2031 detrahunt
1141 2004 1153 2032 ε

223 2055 338 2093 Video
359 2055 453 2093 alios
472 2055 664 2101 festinare,
685 2053 801 2091 lectos
819 2058 1001 2096 sternere,

225 2118 361 2154 Cenam
378 2125 559 2164 apparare
577 2127 588 2153 ε
613 2124 682 2163 pro
697 2124 737 2152 se
753 2112 910 2162 quisque
929 2111 1059 2150 sedulo

260 2224 286 2250 1.
314 2226 353 2250 Du
367 2223 410 2250 roi
421 2222 456 2250 de
471 2222 567 2250 Perse.
581 2223 635 2250 ces
650 2225 740 2249 sortes
751 2221 970 2249 d’enrolements
983 2217 1119 2248 n'etaient
1131 2226 1183 2255 pu
1195 2226 1287 2253 taret,
1305 2221 1379 2248 ainsi
1392 2228 1428 2255 qu
1439 2227 1476 2246 οι

225 2263 251 2293 le
268 2265 326 2292 voit
336 2272 389 2302 par
399 2264 427 2292 la
440 2263 557 2292 reu-nite
570 2263 620 2291 des
634 2262 683 2291 nix
699 2263 786 2291 mille.
