1586 2658
140 218 188 256 62
660 223 869 262 ANDRIA.

651 337 653 339 .
708 313 808 340 suno.

603 359 719 398 'Facis
742 365 783 398 ut
801 365 836 398 te
856 360 983 408 decet,

143 418 263 462 Quum
280 416 396 464 istuc,
411 417 512 467 quod
531 418 681 468 postulo
703 419 863 468 impetro
879 430 964 458 eum
982 419 1112 468 gratia.

292 504 299 507 .
664 496 665 499 =
698 488 831 516 nuuS.

146 534 235 572 Sum
254 536 387 573 verus?

684 605 837 632 arnum.

392 654 509 692 Herus
521 681 534 701 ,
551 657 733 702 quantum
747 653 881 701 audio,
900 665 1013 693 uxore
1032 655 1182 696 excidit.

714 723 814 751 smo.

148 771 274 809 lnunc
286 770 366 819 jam
382 770 481 810 intro
489 784 501 820 3
523 781 572 810 ne
590 770 627 809 in
647 782 753 812 mora
772 781 888 820 quum
904 783 999 822 opus
1019 773 1089 820 sit,
1105 773 1193 813 sies.

656 899 873 927 nummus.

150 947 214 983 Eo.

693 1017 845 1044 annu.

219 1062 375 1102 Nullane
394 1074 431 1101 m
450 1074 491 1102 re
507 1074 589 1103 esse
605 1063 750 1104 homini
769 1064 943 1113 cuiquam
963 1064 1103 1104 fidem?

150 1124 287 1159 Verum
306 1122 399 1161 illud
419 1123 630 1166 verbumst,
647 1123 756 1172 volgo
773 1124 873 1172 quod
888 1124 961 1162 dici
979 1125 1102 1173 solet,
1146 1135 1147 1138 ’

151 1182 286 1219 Omnes
305 1181 375 1220 sibi
394 1181 508 1220 malle
524 1181 659 1220 melius
678 1193 759 1220 esse
771 1211 782 1229 ,
802 1193 913 1231 quam
928 1183 1048 1221 alteri.

151 1242 226 1288 Ego
246 1239 351 1278 illam
370 1241 446 1279 vidi
464 1240 666 1289 virginem3
687 1240 808 1279 forma
823 1241 921 1279 bona

151 1297 302 1336 Memini
315 1299 439 1337 videre
461 1313 470 1337 :
490 1310 564 1348 quo
582 1299 724 1348 aequior
741 1310 824 1337 sum
841 1299 1033 1349 Pamphilo
1046 1329 1056 1344 ,

149 1357 188 1395 Si
200 1368 239 1395 se
256 1357 358 1395 illam
374 1369 411 1396 in
431 1358 592 1403 somnis,
611 1369 722 1406 quam
744 1358 874 1406 illum,
890 1358 1064 1408 amplecti
1081 1359 1227 1400 maluit.

152 1417 384 1455 Renuntiabo
396 1446 408 1465 ‚
427 1422 467 1456 ut
485 1427 552 1468 pro
574 1417 644 1455 hoc
661 1417 760 1455 malo
781 1418 872 1456 mihi
892 1418 955 1456 det
968 1418 1125 1458 malum.'

611 1529 800 1570 SCENA
835 1531 929 1571 VIl.

604 1625 772 1665 DAVUS,
805 1626 934 1662 SIMO.

702 1727 835 1754 mvus.

153 1775 217 1813 Hic
235 1784 332 1812 nunc
347 1784 408 1812 me
422 1773 543 1812 credit
560 1772 725 1822 aliquam
741 1774 813 1812 sibi
830 1775 1015 1814 fallaciam

76 1869 79 1871 .
153 1836 323 1878 Portare,
341 1837 379 1871 et
394 1843 439 1871 ea
457 1843 518 1871 me
536 1833 596 1872 hic
616 1832 796 1871 restitisse
816 1833 945 1882 gratia.

719 1903 818 1931 sum.

152 1951 248 1998 Quid
268 1954 387 1990 Davos
406 1953 558 1990 narrat?

700 2022 837 2053 Duos.

573 2071 690 2118 AEque
706 2068 904 2119 quicquam
923 2081 1019 2109 nunc
1033 2070 1196 2120 quidem.
1255 2098 1257 2101 <

308 2157 311 2185 ,
719 2139 821 2167 sino.
884 2128 887 2129 ⁷

155 2186 326 2225 Nihilne?
342 2189 448 2226 Hem.

372 2259 376 2262 ’
705 2257 838 2287 „AVUS-

460 2303 557 2343 Nihil
575 2314 736 2353 prorsuS.
