1586 2658
209 225 254 259 ⁴4
724 224 935 261 ANnmA.

727 311 925 340 emamus,

1204 358 1270 397 Hei
1285 357 1397 396 mihil

205 416 344 454 Vereor
354 415 478 456 dicere
493 430 502 456 ε
517 417 605 457 huic
618 417 678 456 dic
691 428 832 467 quaeso,
849 417 988 467 Byrria.

749 489 902 516 mmm.

811 574 814 577 ,
1000 540 1077 587 Ego
1089 537 1223 576 dicam.

715 606 937 636 ruminus.

1248 649 1342 696 Quid
1365 653 1419 688 est
1427 651 1445 686 ⁴?

750 720 902 748 annu.

203 764 385 812 Sponsam
398 763 460 803 hic
472 767 575 803 tuam
588 771 702 806 amat.

712 837 933 864 emmaus.

531 884 666 922 Naeiste
676 884 775 933 haud
788 895 934 923 mecum
943 884 1070 923 sentit.
1083 883 1255 922 Ehodum
1266 882 1325 920 dic
1331 882 1442 920 mihi:

201 940 476 990 Numquidnam
489 942 649 992 amplius
662 943 729 982 tibi
742 955 825 982 oum
841 943 906 981 illa
918 943 1002 992 ruit,
1018 943 1201 983 Charine?

726 1013 923 1042 cuminus.

1152 1060 1224 1108 Ah,
1236 1058 1443 1108 Pamphile,

201 1116 314 1155 Nihil.

709 1189 930 1216 rimamus.

295 1239 413 1283 Quam
430 1237 584 1277 vellem!

723 1310 919 1338 emamus.

533 1360 563 1395 N
567 1361 679 1395 uncte
690 1369 757 1407 per
765 1358 966 1396 amicitiam
975 1361 1014 1396 et
1023 1368 1091 1407 per
1098 1367 1265 1395 amorem
1274 1356 1441 1403 obsecro,

199 1413 397 1464 Principio,
412 1420 511 1454 utne
523 1415 650 1454 ducas.

711 1486 932 1514 nummus.

605 1533 706 1572 Dabo
719 1534 891 1582 equidem
905 1545 1072 1583 operam.

721 1604 918 1632 cuamxus.

1032 1651 1104 1689 Sed
1118 1651 1150 1689 si
1163 1650 1202 1688 id
1215 1661 1289 1688 non
1303 1655 1437 1700 potest,

198 1713 272 1749 Aut
285 1710 352 1749 tibi
362 1709 501 1760 nuptiae
512 1709 572 1749 hae
584 1715 672 1748 sunt
683 1710 834 1748 cordi...

706 1780 926 1808 nummus.

688 1874 690 1877 Ι
861 1826 995 1865 Cordi?

720 1898 919 1926 mamus.

1004 1945 1143 1984 Saltem
1160 1944 1303 1994 aliquot
1321 1945 1399 1984 dies

196 2006 340 2052 Profer,
351 2005 441 2044 dum
454 2004 671 2055 proficiscor
680 2004 821 2054 aliquo,
836 2015 884 2043 ne
895 2003 1056 2043 videam.

706 2075 925 2104 emamus.

1097 2122 1193 2161 Audi
1207 2133 1306 2162 nuno
1316 2123 1409 2172 Jam.

196 2187 287 2233 Ego,
301 2183 473 2232 Charine,
492 2183 708 2232 neutiquam
725 2183 891 2222 officium
911 2182 1022 2221 liberi
1038 2193 1118 2221 esse
1133 2181 1296 2221 hominis
1315 2187 1421 2231 puto,

195 2244 319 2288 Quum
337 2242 368 2280 is
384 2241 476 2280 nihil
494 2246 722 2291 promereat,
741 2242 929 2291 postulare
948 2241 988 2279 id
1002 2240 1130 2290 gratiae
1147 2241 1287 2291 adponi
1302 2241 1385 2279 sibi.

196 2302 349 2351 Nuptias
369 2301 531 2350 effugere
549 2311 618 2350 ego
633 2301 721 2340 istas
738 2300 853 2350 malo,
873 2311 985 2350 quam
1004 2304 1045 2339 tu
1062 2299 1273 2350 adipiscier.
