1624 2632
220 244 290 285 302
503 244 744 282 HEAUTON
775 244 1164 282 TIMORUMENOS.

221 326 399 373 ParentiS,
416 325 573 374 patriam
595 324 834 374 incolumem,
851 325 1005 373 amicos,
1020 337 1150 374 genus,
1162 331 1353 376 cognatos,
1363 327 1454 368 divi-

266 385 336 422 tias
355 396 364 421 ι

222 446 340 492 Atque
356 442 432 481 haec
449 442 604 492 perinde
614 446 700 481 sunt
717 446 758 481 ut
778 442 878 481 iilius
897 443 1044 482 animus
1061 443 1184 492 quiea
1199 444 1388 493 possidet:

223 501 292 548 Qui
310 502 361 539 uti
381 502 461 544 scit,
479 502 513 540 ei
535 502 654 546 bona;
677 501 732 539 iili
750 500 814 551 qui
831 512 905 540 non
922 501 1038 540 utitur
1052 506 1166 550 recte,
1186 503 1298 541 mala.

749 571 931 599 cnrlrno.

225 621 340 658 immo
356 619 417 657 ille
437 630 546 658 senex
567 619 636 658 fuit
655 620 888 668 importunus
907 630 1056 669 semper
1068 634 1079 668 ;
1107 623 1146 658 et
1161 631 1258 659 nunc
1277 620 1328 658 nil
1345 620 1461 669 magis

226 681 377 725 Vereor,
397 689 507 726 quam
524 689 570 716 ne
585 678 674 727 quid
695 678 731 716 in
752 678 857 716 illum
880 678 995 716 iratus
1013 678 1096 727 plus
1114 679 1203 716 satis
1226 679 1317 717 faxit
1341 684 1459 729 pater.

502 823 506 827 -
756 808 935 835 cunnus.

226 854 364 892 illene?
385 854 456 893 Sed
481 856 682 902 reprimam
709 867 794 894 me:
816 867 901 894 nam
927 855 963 893 in
991 858 1094 893 metu
1119 865 1198 893 esse
1216 855 1316 894 hunc
1334 855 1388 894 illi
1409 860 1465 894 est

276 913 376 952 utile.

756 985 940 1011 cru-nmo.

228 1031 321 1078 Quid
340 1036 420 1071 tute
439 1034 590 1071 tecum?

759 1102 939 1129 caumes.

562 1151 699 1189 Dicam.
718 1153 764 1189 Ut
780 1156 819 1188 ut
839 1155 934 1197 erat,
958 1160 1126 1187 mansum
1147 1153 1270 1187 tamen
1287 1151 1465 1198 oportuit.

230 1212 398 1248 Fortasse
414 1209 644 1259 aliquantum
665 1209 827 1258 iniquior
844 1213 924 1246 erat
944 1213 1079 1257 praeter
1098 1208 1180 1255 ejus
1199 1208 1415 1246 lubidinem.

231 1272 447 1307 pateretur:
469 1279 555 1306 nam
574 1278 686 1317 quem
707 1269 835 1312 ferret,
857 1267 886 1305 si
908 1270 1099 1316 parentem
1114 1278 1188 1319 non
1204 1268 1318 1304 ferret
1332 1270 1468 1306 suum?

231 1329 414 1367 Hunccine
432 1332 512 1366 erat
529 1339 675 1376 aequum
696 1338 738 1365 ex
757 1328 856 1365 illius
879 1337 998 1374 more,
1020 1338 1066 1364 an
1085 1326 1189 1364 illum
1213 1338 1255 1365 ex
1280 1327 1392 1375 hujus
1416 1327 1467 1364 vi-

280 1390 389 1426 vere?

232 1450 274 1485 Et
292 1447 392 1495 quod
413 1446 519 1483 illum
540 1445 728 1483 insimulat
745 1445 896 1492 durum,
914 1444 953 1482 id
970 1454 1043 1482 non
1065 1448 1133 1482 est.
1157 1446 1250 1481 Nam
1273 1449 1469 1494 parentum

278 1505 423 1553 injuriae

234 1564 447 1603 Uniusmodi
465 1568 550 1602 sunt
570 1564 711 1611 ferme3
729 1563 840 1612 paulo
858 1562 921 1611 qui
941 1568 997 1600 est
1017 1563 1133 1600 homo
1150 1562 1364 1601 tolerabilis.

231 1623 391 1663 Scortari
411 1623 541 1661 crebro
560 1622 709 1669 nolunt3
729 1622 859 1660 nolunt
874 1622 1004 1659 crebro
1024 1619 1250 1659 convivarier
1269 1635 1278 1659 :

233 1680 399 1718 Praebent
415 1679 543 1727 exigue
563 1683 752 1727 sumptum
770 1691 780 1715 ι
799 1683 910 1726 atque
934 1677 1014 1715 haec
1037 1680 1124 1714 sunt
1141 1680 1266 1714 tamen
1290 1676 1337 1714 ad
1359 1675 1470 1714 virtu·

281 1745 357 1777 tem
376 1738 513 1776 omnia.

233 1801 369 1837 Verum
386 1798 531 1835 animus
545 1797 608 1835 ubi
621 1796 738 1835 semel
758 1807 797 1834 se
812 1795 1013 1845 cupiditate
1032 1794 1195 1834 devinxit
1213 1794 1324 1839 mala,

232 1861 384 1896 Necesse
406 1861 477 1904 est,
493 1855 838 1907 Clitipho‚consiiia
854 1854 1029 1904 consequi
1048 1853 1269 1892 consimilia.
1289 1855 1364 1893 Hoc

233 1917 420 1963 Scitumst,
439 1915 621 1965 periclum
639 1925 683 1953 cx
707 1914 788 1952 aliis
802 1914 939 1961 facere,
958 1913 1024 1952 tibi
1041 1912 1144 1962 quod
1162 1923 1206 1951 ex
1225 1924 1295 1951 usu
1312 1913 1394 1952 siet.

760 1984 944 2012 omnmo.

235 2037 286 2073 lta
300 2033 425 2072 credo.
471 2080 475 2085 Ι

714 2116 719 2121 ·
762 2101 942 2130 cuneum.

406 2154 482 2200 Ego
498 2150 560 2189 ibo
578 2150 666 2189 hinc
679 2149 791 2197 intro,
813 2155 853 2188 ut
871 2150 1013 2188 videam
1035 2148 1146 2187 nobis
1161 2147 1253 2197 quid
1271 2158 1372 2186 cenae
1385 2148 1468 2186 siet.

235 2214 302 2260 Tu,
322 2217 363 2250 ut
381 2216 526 2261 tempus
544 2215 602 2249 est
622 2209 713 2252 diei.
729 2209 811 2248 vide
828 2209 877 2248 sis
890 2221 941 2248 -ne
962 2220 1036 2259 quo
1055 2209 1141 2247 hinc
1159 2207 1270 2246 abeas
1287 2207 1444 2256 lougius.
