1586 2658
235 213 282 249 22
747 217 957 253 ANDRlA.

791 308 908 336 sosu.

234 353 302 397 Qui
316 352 427 401 igitur
444 353 593 394 relictus
610 358 667 394 est
686 354 906 404 objurgandi
927 354 1055 394 locus?

197 451 204 462 ,
800 425 898 453 suno.

235 470 270 507 Si
288 475 439 520 propter
456 477 621 511 timorem
640 483 789 510 uxorem
807 473 900 511 nolit
914 474 1064 520 ducere,

234 530 284 566 Ea
302 530 462 578 primum
481 531 534 569 ab·
546 530 612 570 illo
630 531 955 569 animadvertenda
974 530 1156 579 injuriast.

235 590 277 625 Et
294 599 390 627 nunc
407 588 445 627 id
462 600 613 638 operam
634 590 697 637 do,
717 595 757 627 ut
775 601 841 638 per
857 590 965 628 salsas
985 589 1130 639 nuptias

233 648 328 684 Vera
345 647 567 696 objurgandi
582 659 692 687 causa
706 648 763 690 sit,
783 648 815 686 si
833 648 1013 696 deneget:

233 704 349 744 Simul
367 706 564 745 sceleratus
583 709 699 745 Davos
714 706 745 745 si
763 706 853 756 quid
872 707 1002 745 consili

233 764 361 808 Habet,
381 769 420 803 ut
434 770 627 804 consumat
641 777 753 810 nunc,
773 776 888 814 quum
906 765 999 803 nihii
1020 765 1140 803 obsint
1159 763 1236 802 doli
1257 777 1268 803 ε

233 824 350 869 Quem
367 834 434 872 ego
448 823 560 862 credo
579 823 748 863 manibus
761 823 991 873 pedibusque
1008 822 1140 861 obnixe
1159 822 1283 860 omnia

233 884 430 920 Facturum
447 895 457 920 ε
476 881 593 931 magis
607 882 646 921 id
666 882 774 930 adeo,
793 882 885 920 mihi
905 887 946 920 ut
964 882 1225 927 incommodet,

232 941 350 987 Quam
370 945 410 980 ut
426 941 651 991 obsequatur
665 945 788 991 gnato.

789 1011 906 1039 sosu.

798 1059 1058 1107 Quapropter?

801 1128 900 1155 suno.

1080 1175 1227 1223 Rogas?

233 1234 326 1272 Mala
345 1246 461 1281 mens,
479 1235 598 1274 malus
615 1235 773 1275 animus.
790 1238 907 1282 Quem
923 1234 1075 1284 quidem
1088 1244 1157 1282 ego
1171 1233 1202 1270 si
1217 1243 1415 1272 sensero...

232 1293 304 1331 Sed
320 1294 408 1342 quid
424 1298 533 1343 opust
545 1295 695 1333 verbis?
713 1295 777 1334 Sin
793 1294 952 1341 eveniat,
971 1293 1073 1342 quod
1091 1292 1187 1338 volo,

233 1355 273 1390 ln
294 1354 487 1402 Pamphilo
508 1357 548 1391 ut
567 1353 661 1391 nihil
678 1354 726 1392 sit
744 1363 872 1399 morae,
892 1357 1006 1391 restat
1019 1351 1209 1394 Chremes,

219 1411 300 1461 ‚Qui
319 1412 369 1449 mi
389 1412 595 1450 exorandus
616 1416 671 1450 est
689 1426 698 1450 :
719 1416 757 1451 et
774 1423 884 1461 spero
903 1412 1069 1450 confore.

232 1474 335 1510 Nunc
353 1475 491 1510 tuumst
509 1471 686 1518 officium,
706 1471 775 1509 has
795 1471 887 1509 bene
905 1475 945 1508 ut
964 1469 1164 1508 adsimules
1182 1468 1344 1518 nuptias,

233 1530 514 1569 Perterrefacias
531 1533 682 1574 Davom,
701 1531 874 1568 observes
893 1529 1024 1576 filium,

231 1589 327 1635 Quid
343 1593 440 1638 agat,
459 1589 548 1638 quid
565 1601 650 1627 cum
663 1589 729 1628 illo
742 1588 872 1627 consili
889 1593 1033 1637 capten

787 1660 903 1687 sosiA.

1037 1709 1100 1745 Sat
1114 1710 1170 1744 est
1188 1718 1200 1744 :

233 1769 375 1808 Curabo
390 1781 401 1807 ε
418 1779 546 1807 eamus
560 1768 641 1817 Jam
659 1779 757 1806 nunc
772 1767 882 1805 intro.

791 1837 893 1865 smo.

892 1887 902 1922 Ι
921 1895 1011 1933 prae,
1033 1893 1180 1932 sequar.

708 2027 893 2083 SCENA
928 2027 981 2068 Π.

778 2127 910 2174 smo.

791 2253 892 2280 snio.

227 2305 309 2342 Non
327 2301 514 2347 dubiumst
531 2286 625 2352 ,quin
644 2311 796 2340 uxorem
813 2300 905 2348 nolit
922 2299 1036 2353 fliius:
