1624 2632
271 194 338 231 348
553 188 796 228 HE'AUTON
826 184 1220 226 TIMORUMENOS·

797 276 976 304 cunnus.

212 345 217 354 s
271 333 387 369 Tanto
405 327 528 366 hercle
543 325 690 365 melior.

821 394 950 422 snus.

719 444 799 482 Non
816 446 873 480 est
891 441 1039 480 mentiri
1059 452 1201 480 meum.

800 511 979 539 cunnus.

274 568 344 604 Fac
363 574 466 614 ergo.

748 649 754 658 ,
826 628 955 656 snus.

487 684 534 719 At
548 680 643 718 heus
655 683 710 722 tu,
725 677 929 716 facitodum
943 677 1075 715 eadem
1092 676 1170 714 haec
1186 677 1410 723 memineris.

277 741 313 780 Si
329 740 419 790 quid
439 739 551 786 binius
568 737 688 777 simile
704 737 799 775 forte
817 735 1016 784 aliquando
1036 736 1210 780 evenerit,

280 802 323 838 Ut
337 804 421 837 sunt
435 799 612 845 humana,
671 807 715 835 us
730 799 771 833 ut
789 794 899 832 saciat
916 793 1024 833 filius.

804 864 981 892 caumes.

280 920 360 957 Non
377 927 465 955 usus
479 914 615 962 veniet,
634 923 757 964 spero.

828 982 958 1010 snus.

785 1032 900 1079 Spero
916 1029 1042 1067 hercle
1061 1040 1129 1077 ego
1142 1041 1290 1080 quoque
1308 1046 1320 1071 ε

284 1097 407 1143 Neque
424 1103 469 1131 eo
487 1102 583 1130 nunc
599 1090 697 1137 dico,
715 1099 789 1138 quo
809 1088 1008 1137 quicquam
1025 1088 1130 1126 iilum
1149 1090 1329 1129 senserim
1343 1105 1357 1131 ε

284 1152 355 1192 Sed
371 1152 401 1190 si
418 1150 522 1201 quid,
544 1160 590 1187 ne
605 1147 709 1198 quid.
726 1150 814 1193 Quae
831 1148 879 1185 sit
894 1147 977 1195 ejus
991 1151 1092 1194 aetas,
1108 1147 1229 1191 vides;

286 1216 328 1251 Et
345 1222 401 1250 nae
416 1221 485 1260 ego
502 1214 554 1257 te,
568 1208 598 1247 si
613 1218 700 1246 usus
712 1206 846 1250 veniat,
861 1207 1069 1254 magnifice,
1082 1206 1252 1254 Chreme,

286 1274 456 1309 Tractare
472 1267 621 1318 possim.

814 1334 990 1362 cuneum.

646 1387 697 1423 De
715 1384 823 1432 istoc,
839 1394 954 1432 quum
973 1394 1062 1421 usus
1079 1383 1231 1428 venerit,

290 1447 504 1486 Videbimus
515 1445 616 1494 quod
631 1454 725 1492 opus
740 1442 787 1480 sit
804 1455 813 1480 :
832 1453 929 1480 nunc
947 1441 1040 1479 istuc
1054 1452 1133 1490 age.

836 1512 965 1539 smus.

292 1571 487 1615 Nunquam
506 1560 736 1602 commodius
755 1570 919 1608 unquam
937 1560 1068 1597 herum
1087 1560 1209 1598 audivi
1228 1561 1347 1610 loqui.

293 1630 365 1666 Nec
382 1635 497 1675 quum
514 1622 734 1660 malefacere
751 1618 941 1658 crederem
958 1619 1010 1656 mi
1030 1619 1216 1667 impunius

294 1687 430 1725 Licere.
452 1682 627 1730 Quisnam
642 1691 664 1718 a
682 1678 788 1717 nobis
798 1677 986 1726 egreditur
999 1678 1122 1715 foras?

766 1810 951 1849 SCENA
979 1809 1056 1850 III.

546 1926 793 1967 CHREMES,
819 1926 1074 1967 CLITIPHO,
1102 1926 1271 1961 SYRUS.

828 2042 1006 2069 canemus.

302 2096 399 2144 Quid
417 2096 523 2136 istuc,
546 2092 699 2141 quaeso?
722 2090 792 2135 Qui
815 2089 895 2128 istic
916 2102 998 2127 mos
1022 2094 1101 2137 est,
1126 2089 1313 2138 Clitipho?
1330 2091 1429 2129 Itane
1449 2090 1530 2129 [ieri

351 2155 525 2205 oportet?
820 2182 822 2184 .

269 2226 274 2234 1
827 2220 1011 2247 curinio.

305 2274 400 2323 Quid
413 2282 482 2320 ego
501 2269 599 2309 feci?
