1586 2658
539 443 747 495 ACTUS
791 440 1033 491 PRIMUS

715 591 864 599 ...-—-—

666 710 851 750 SCENA
880 709 912 749 1.

626 812 765 852 suto,
792 811 950 846 sostA.

740 927 842 954 sum.

174 978 246 1015 Vos
260 976 357 1016 istaec
374 976 472 1015 intro
487 975 627 1014 auferte
645 988 655 1013 z
673 974 782 1012 abite.
798 973 917 1021 Sosia,

134 1074 136 1076 ,
172 1036 357 1075 Adesdum
376 1035 527 1086 :paucis
547 1039 582 1073 te
599 1034 699 1072 volo.

731 1103 846 1132 sosu.

721 1153 865 1189 Dictum
885 1155 1003 1200 puta:

173 1216 313 1263 Nempe
331 1218 373 1252 ut
389 1216 566 1252 curentur
579 1215 680 1250 recte
698 1210 792 1248 haec.

742 1280 843 1307 smo.

810 1329 927 1365 Immo
944 1326 1060 1364 aliud.

734 1397 848 1425 sosu.

1083 1443 1179 1489 Quid
1196 1448 1266 1489 est,

174 1507 281 1555 Quod
298 1507 366 1547 tibi
387 1517 471 1546 mea
485 1516 547 1545 ars
565 1504 715 1544 efficere
730 1504 802 1542 hoc
818 1504 936 1553 possit
958 1501 1118 1552 amplius
1130 1504 1150 1539 ἓν

746 1574 847 1602 sum.

176 1625 276 1664 Nihil
299 1625 390 1663 istac
407 1635 502 1674 opus
520 1627 576 1662 est
596 1626 676 1661 arte
693 1621 740 1659 ad
759 1622 854 1659 hanc
872 1631 968 1667 rem,
986 1631 1098 1670 quam
1123 1628 1235 1669 ρει-ος

177 1684 249 1722 Sed
265 1684 326 1731 iis,
343 1693 437 1733 quas
452 1691 600 1731 semper
614 1680 655 1719 in
671 1684 710 1719 te
724 1679 890 1718 intellexi
906 1678 1008 1727 sitas,

179 1743 267 1781 Fide
288 1747 326 1781 et
344 1741 607 1781 taciturnitate.
636 1779 638 1781 .

738 1809 856 1837 sosu.

621 1860 798 1907 Exspecto
814 1856 904 1906 quid
917 1856 1020 1895 velis.

750 1926 851 1954 suto.

182 1981 256 2026 Ego
275 1983 470 2027 postquam
488 1981 524 2014 te
543 1976 617 2014 emi
634 1986 656 2014 a
673 1975 843 2025 parvulo,
861 1979 902 2012 ut
917 1984 1062 2022 semper
1080 1973 1147 2012 tibi

182 2036 289 2085 Apud
305 2046 365 2073 me
380 2035 481 2083 justa
495 2039 533 2073 et
549 2034 712 2073 clemens
729 2033 842 2072 fuerit
858 2032 1027 2079 servitus,

183 2095 273 2134 Scis.
289 2094 372 2145 Feci
386 2104 428 2132 ex
447 2105 552 2132 servo
569 2099 609 2131 ut.
627 2104 728 2132 esses
743 2093 899 2146 libertus
916 2090 1025 2139 mihi,

185 2158 386 2203 Propterea
400 2153 500 2202 quod
519 2153 680 2191 servibas
698 2152 914 2190 liberaliter.

185 2213 294 2260 Quod
309 2212 420 2251 habui
439 2223 624 2250 summum
641 2209 995 2261 pretium,-persolvi
1014 2209 1095 2248 tibi.

172 2335 174 2337 .
212 2304 249 2338 '1.
271 2311 313 2338 on
325 2313 395 2346 peut
403 2315 568 2344 remur-quer
586 2316 641 2335 une
654 2307 761 2343 grande
775 2285 904 2342 analogie
919 2309 1000 2334 entre
1015 2306 1042 2333 le
1059 2306 1297 2333 commeneement
1307 2302 1346 2331 du
1357 2301 1417 2331 din-

187 2358 279 2387 eours,
295 2358 350 2387 que
365 2349 487 2379 Salluste
507 2348 586 2385 prete
607 2348 624 2376 a
636 2349 749 2385 Micipsa
766 2351 907 2382 mom-ant,
926 2351 954 2375 et
969 2355 1016 2375 ces
1036 2348 1148 2384 pai-oles
1165 2346 1201 2375 de
1220 2346 1329 2375 Simon·
1342 2343 1418 2383 (sal-
