1586 2658
226 207 264 246 ¹4
731 212 941 251 ANDRIA.

770 304 888 331 sosia.

453 349 533 387 Non
552 348 689 397 injuria
710 363 718 387 :
741 361 826 388 nam
846 351 883 388 id
905 353 1067 391 arbitror

218 407 390 455 Adprime
410 407 447 445 in
466 407 540 446 vita
555 418 635 447 esse
653 408 756 453 utile,
775 415 814 446 ut
833 421 878 448 ne
901 411 991 459 quid
1008 411 1129 451 nimis.

781 478 881 506 smo.

218 522 277 560 Sic
293 523 364 561 vita
388 528 467 561 erat
483 536 493 562 :
509 524 617 562 facile
634 535 762 563 omnes
782 522 1008 574 pert'erre‘ac
1028 527 1101 576 pati
1123 542 1133 566 :

217 583 307 619 Cum
324 581 456 630 quibus
469 586 548 621 erat
563 594 708 631 cunque
728 595 815 631 una,
835 584 879 622 iis
901 596 980 623 sese
1001 586 1138 625 dedere
1155 598 1167 625 :

217 641 353 677 Eorum
373 641 524 689 obsequi
543 641 699 680 studiis:
718 642 892 680 advorsus
913 643 1052 681 nemini
1074 658 1083 682 :

217 700 425 748 Numquam
443 711 658 748 praeponens
677 711 716 739 se
736 700 809 739 illis
829 714 838 740 :
861 702 911 739 ita
932 702 1122 741 facillume

217 756 456 796 Sineinvidia
476 759 623 797 laudem
641 758 818 806 invenias,
833 765 870 798 et
889 761 1026 800 amicos
1041 771 1160 810 pares.

773 830 889 857 sosiA.

216 875 408 923 Sapienter
422 876 533 914 vitam
552 877 711 915 instituit
728 890 738 915 ε
758 889 919 926 namque
938 878 1010 916 hoc
1028 882 1194 928 tempore

216 934 438 983 Obsequium
459 935 610 983 amicos,
630 936 763 974 veritas
781 936 908 974 odium
930 936 1039 985 parit.

782 1006 881 1034 smo.

214 1052 356 1090 Interea
374 1052 507 1090 mulier
525 1053 694 1101 quaedam
711 1053 846 1090 abhinc
868 1053 1068 1092 triennium

216 1111 265 1146 Ex
283 1110 406 1148 Andro
425 1110 680 1158 commigravit
698 1110 771 1148 huc
790 1111 946 1159 viciniae,

213 1169 337 1217 inopia
354 1175 391 1208 et
404 1174 643 1218 cognatorum
663 1169 886 1220 negligentia

213 1229 360 1275 Coacta,
380 1227 526 1277 egregia
541 1228 661 1266 forma
676 1232 787 1276 atque
804 1232 911 1266 aetate
933 1228 1087 1278 integra.

765 1297 880 1324 sosiA.

211 1345 291 1393 Hei,
310 1356 440 1384 vereor
457 1357 504 1384 ne
520 1345 609 1394 quid
628 1344 766 1383 Andria
781 1345 953 1394 adportet
970 1345 1072 1384 mali.

776 1414 876 1442 suro.

210 1463 373 1500 Primum
393 1462 471 1500 baec
489 1461 620 1511 pudice
636 1462 762 1508 vitam,
782 1473 891 1511 parce
912 1474 954 1501 ac
969 1461 1113 1502 duriter

208 1522 361 1570 Agebat,
381 1524 464 1559 lana
484 1532 525 1558 ac
547 1520 619 1559 tela
636 1520 774 1558 victum
791 1521 1003 1569 quaeritans.

207 1580 278 1618 Sed
298 1584 494 1628 postquam
511 1590 639 1617 amans
659 1580 821 1622 accessit,
846 1579 1006 1628 pretium
1026 1581 1217 1630 pollicens,

207 1642 306 1677 Unus
323 1643 361 1677 et
379 1639 468 1676 item
486 1637 579 1675 alter
597 1652 609 1674 :
630 1637 682 1687 ita
701 1643 740 1676 ut
758 1638 946 1686 ingenium
962 1644 1018 1676 est
1036 1641 1202 1678 omnium

180 1688 182 1691 ¹
207 1698 403 1736 Hominum
419 1696 465 1734 ab
485 1697 611 1734 labore
627 1696 788 1745 proclive
804 1697 849 1734 ad
868 1697 1089 1745 lubidinem,

204 1757 353 1806 Accepit
368 1756 636 1802 conditionem3
653 1755 738 1793 dein
756 1760 936 1804 quaestum
957 1755 1103 1806 occipit.

205 1817 275 1862 Qui
294 1820 373 1854 tum
391 1815 495 1853 illam
510 1814 698 1861 amabant,
717 1814 827 1862 sorte,
846 1815 898 1852 ita
915 1815 1026 1862 ut.fit,
1042 1816 1158 1855 tilium

203 1874 409 1912 Perduxere
423 1874 525 1921 illuc,
542 1884 668 1912 secum
685 1877 724 1911 ut
743 1884 815 1911 una
831 1878 942 1922 esset,
963 1885 1100 1913 meum.

202 1938 355 1984 Egomet
372 1935 546 1973 continuo
565 1944 709 1972 mecum
730 1947 741 1972 ε
760 1935 866 1971 Certe
883 1938 1011 1982 captus
1027 1939 1082 1972 est
1089 1948 1101 1981 ;

201 1995 337 2033 Habet!
358 1992 606 2030 Observabam
626 2002 735 2030 mane
755 1991 906 2030 illorum
923 1993 1086 2030 servolos

200 2054 395 2091 Venientes
411 2055 475 2089 aut
491 2050 697 2089 abeuntes:
721 2050 952 2098 rogitabam:
975 2053 1070 2088 Heus
1089 2062 1194 2100 puer,

200 2113 262 2149 Dic
283 2111 403 2157 sodes,
423 2110 506 2158 quis
521 2109 602 2147 heri
621 2109 834 2166 Chrysidem
850 2109 1002 2149 habuit?
1021 2112 1112 2180 Nam
1129 2110 1275 2150 Andria)

200 2170 252 2208 illi
269 2171 307 2208 id
323 2173 402 2209 erat
415 2180 564 2208 nomen.

754 2238 871 2266 sosu.

575 2287 710 2323 Teneo.
