1624 2632
271 224 343 260 416
563 226 809 262 HEAUTON
835 226 1225 277 TIMORUMENOS.

270 305 336 350 Qui
355 305 423 343 sibi
442 316 500 343 me
518 317 587 355 pro
602 307 808 346 deridiculo
827 319 870 346 ac
885 308 1156 346 delectamento
1177 313 1295 356 putat.

271 366 363 407 Non,
390 365 438 403 ita
461 374 520 403 me
538 366 575 403 di
594 371 734 414 ament,
751 367 908 405 auderet
930 369 1050 405 facere
1069 367 1146 406 haec
1162 367 1278 405 viduae
1297 368 1460 418 mulieri.

271 423 358 467 Quae
375 422 411 460 in
427 434 485 462 me
502 423 633 463 fecit...

432 574 441 585 ¹
754 518 937 558 SCENA
970 519 1024 558 ΙΙ.

352 619 606 662 CLITIPHO,
633 622 967 662 MENEDEMUS‚'
985 623 1230 663 CHREMES,
1257 623 1425 658 SYRUS.

799 731 983 759 omnmo.

273 779 371 815 Itane
389 778 541 816 tandem
559 789 684 827 quaeso
702 783 773 826 est,
793 779 1023 824 Menedeme,
1043 784 1084 818 ut
1103 784 1208 829 pater

272 839 359 874 Tam
383 838 418 874 in
439 836 540 874 brevi
560 837 679 887 spatio
701 848 850 877 omnem
867 839 912 876 de
934 849 992 876 me
1011 839 1164 887 ejecerit
1182 839 1346 877 animum
1366 840 1506 888 patris?

272 895 466 940 Quodnam
481 896 528 933 ob
542 895 708 934 facinus?
722 897 818 942 Quid
829 907 899 945 ego
914 901 1057 936 tantum
1069 898 1218 936 sceleris
1228 898 1359 936 admisi
1370 897 1507 936 miser?

273 954 389 1002 Volgo
408 954 561 992 faciunt.

775 1026 1004 1055 mmnnmus.

580 1073 662 1112 Scio
681 1072 747 1112 tibi
766 1084 846 1112 esse
867 1075 936 1113 hoc
951 1075 1096 1123 gravius
1113 1075 1230 1114 multo
1247 1086 1288 1113 ae
1304 1075 1446 1123 durius,

272 1132 337 1169 Cui
360 1133 424 1170 lit:
445 1143 574 1170 verum
594 1143 663 1181 ego
684 1133 783 1171 haud
803 1133 927 1172 minus
942 1146 1038 1184 aegre
1055 1135 1176 1184 patior
1194 1135 1246 1173 id.

802 1265 986 1293 CLITIPEO.

1266 1314 1365 1360 Qui?

774 1384 1003 1411 ammanus.

1364 1434 1504 1470 Nescio.

273 1489 345 1525 Nec
365 1487 545 1526 rationem
568 1489 687 1538 capio,
705 1489 777 1528 nisi
796 1490 894 1538 quod
915 1490 1092 1528 tibihene
1105 1501 1149 1528 ex
1161 1490 1283 1528 animo
1300 1490 1396 1529 volo.

800 1560 981 1587 cmu’no.

273 1604 337 1641 Hic
358 1609 502 1652 patrem
519 1611 640 1644 astare
661 1605 785 1644 aibas?

776 1677 1005 1704 nummus.

791 1727 936 1762 Eccum.

802 1795 980 1821 caumes.

959 1841 1054 1887 Quid
1073 1853 1133 1880 me
1151 1853 1310 1890 incusas,
1324 1843 1508 1892 Clitipho?

273 1896 452 1946 Quicquid
473 1908 542 1946 ego
560 1896 673 1947 hujus
690 1898 772 1943 feci,
794 1900 860 1938 tibi
879 1901 1047 1950 prospexi
1069 1904 1106 1939 et
1123 1901 1288 1939 stultitiae
1302 1906 1387 1940 tuae.

273 1955 342 1993 Ubi
360 1960 395 1993 te
413 1956 487 1993 vidi
504 1957 628 1995 animo
647 1968 727 1995 esse
747 1958 900 2003 omisso,
922 1964 958 1996 et
975 1959 1099 1996 suavia
1117 1959 1153 1996 in
1173 1961 1367 2008 praesentia

273 2016 360 2060 Quae
385 2019 531 2062 essent,
566 2015 687 2064 prima
712 2016 875 2065 habere,
902 2028 1024 2066 neque
1057 2018 1249 2057 consulere
1279 2018 1315 2056 in
1348 2018 1509 2067 longitu-

321 2074 446 2112 dinem
468 2087 478 2112 ε

273 2133 363 2181 Cepi
387 2132 586 2179 rationem,
606 2137 646 2171 ut
669 2144 791 2182 neque
814 2145 956 2183 egereS,
974 2146 1094 2184 neque
1116 2140 1157 2174 ut
1181 2136 1259 2174 haec
1275 2146 1402 2185 posses
1423 2146 1510 2185 per·

321 2191 422 2230 dere.

274 2250 355 2297 Ubi,
373 2250 432 2288 cui
447 2250 570 2287 decuit
591 2250 723 2298 primo,
746 2251 812 2289 tibi
834 2263 907 2290 non
927 2251 1030 2291 licuit
1044 2263 1112 2301 per
1130 2257 1168 2291 te
1187 2253 1279 2291 mihi
1298 2253 1421 2301 dare,-

273 2309 356 2347 Abii
374 2309 420 2346 ad
441 2319 654 2357 proxumos,
675 2309 740 2348 tibi
762 2310 826 2359 qui
845 2315 952 2348 erant
972 2324 983 2349 :
1003 2311 1058 2349 eis
1074 2313 1244 2352 commisi
1264 2317 1302 2351 et
1319 2312 1475 2351 credidi.
