1586 2658
174 221 219 257 98
685 220 895 259 ΑΝΒΒΙΑ.

173 302 254 338 Haec
264 299 402 348 nuptiae
416 309 491 338 non
509 298 788 349 adparabantur
803 300 894 338 mihi
910 313 920 338 z

173 361 247 397 Nec
261 358 472 407 postulabat
482 369 580 398 nunc
592 358 790 408 quisquam
806 370 957 398 uxorem
973 359 1078 399 dare.

696 435 896 463 eluamus.

174 487 257 527 Scio
275 491 346 527 :tu
364 492 515 527 coactus
529 491 595 527 tua
605 487 795 527 voluntate
811 499 866 527 es.

684 621 903 650 varamus.

887 678 994 716 Mane
1013 687 1027 717 τ

176 736 346 775 Nondum
366 734 451 776 scis.

697 813 878 842 eluamus
884 832 892 841 .

484 865 567 906 Scio
579 865 756 917 equidem
775 867 879 906 illam
892 867 1089 908 ducturum
1104 879 1184 910 esse
1201 875 1253 910 te.

683 943 903 971 nummus.

176 999 249 1036 Cur
267 1008 326 1036 me
344 997 493 1036 enicas?
503 999 578 1035 Hoc
596 996 697 1035 audi.
719 999 927 1046 Numquam
944 997 1085 1037 destitit

178 1059 315 1095 Instare
327 1086 338 1102 ‚
354 1060 395 1095 ut
409 1056 574 1094 dicerem
591 1066 652 1094 me
665 1066 746 1094 esse
765 1056 963 1094 ducturum
977 1057 1093 1106 patri3

177 1116 340 1157 Suadere
354 1144 366 1164 ‚
382 1125 512 1161 orare,
527 1125 646 1164 usque
664 1114 760 1153 adeo
770 1144 782 1162 ‚
802 1115 921 1154 donec
937 1115 1115 1165 perpulit.

701 1191 897 1220 cunutus.

177 1246 265 1293 Quis
283 1246 398 1285 homo
415 1245 538 1285 istuc?

685 1315 905 1344 nummus.

509 1365 673 1402 Davus...

695 1435 892 1463 anmNus.

629 1484 747 1519 Davus
755 1484 775 1519 ξ’

691 1552 912 1579 PAMPHILUS.

749 1600 988 1639 Interturbat.

701 1668 897 1696 emamus.

955 1715 1232 1762 Quamobrem?

690 1783 910 1813 nummus.

1258 1835 1388 1876 Nescio
1402 1849 1416 1877 z

180 1893 256 1932 Nisi
271 1891 364 1930 mihi
382 1890 473 1930 deos
490 1890 578 1929 satis
588 1890 665 1929 scio
679 1890 792 1930 fuisse
806 1890 940 1940 iratos,
953 1891 1017 1942 qui
1027 1893 1324 1934 auscultaverim.

704 1960 899 1990 emamus·

180 2011 331 2049 Factum
347 2008 419 2047 hoc
432 2012 500 2056 est,
521 2009 643 2047 Dave?

735 2079 870 2106 nnus.

675 2128 842 2165 Factum.

703 2196 899 2225 emamus.

868 2247 959 2284 Hem
970 2275 980 2290 ‚
998 2242 1089 2296 quid
1104 2258 1159 2286 ms
1170 2276 1180 2293 ,
1201 2246 1350 2288 scelus?

182 2308 227 2345 At
245 2306 313 2345 tihi
331 2305 370 2346 di
385 2304 540 2356 dignum
557 2303 666 2344 factis
678 2305 831 2344 exitium
847 2304 966 2345 duint.
