1624 2632
309 227 378 264 308
593 229 836 268 REAUTON
867 232 1261 271 TlMORUMENos.

836 322 1022 351 curlpno.

309 366 388 402 Non
405 366 545 415 cogitas
559 368 644 408 hinc
660 369 808 419 longule
833 381 913 410 esse
925 373 945 409 ⁶?
965 374 1008 410 Et
1026 372 1124 411 nosti
1143 383 1268 411 mores
1288 373 1489 411 mulierum
1506 382 1519 411 ε

309 424 401 462 Dum
418 425 639 476 moliuntur,
656 428 747 467 dum
765 434 976 477 comantur,
997 441 1115 469 annus
1133 436 1203 470 est.
1220 446 1224 452 ·

858 558 997 586 anm.

1210 609 1241 647 Ο
1252 607 1430 657 Clitipho!
1473 636 1476 639 -

307 659 444 699 Timeo.

835 734 1019 763 ctu-imo.

413 779 565 828 Respira
580 790 733 820 :eccum
751 784 977 822 Dromonem
991 793 1076 822 cum
1092 784 1184 833 Syro
1199 796 1209 822 ε
1224 794 1299 821 una
1315 783 1448 822 adsunt
1459 783 1541 823 libi.

791 900 976 940 SCENA
1003 901 1058 941 11.
1089 884 1092 887 ’

483 985 659 1028 SYRUS,
686 987 872 1030 onom),
899 989 1086 1030 CLINIA,
1113 988 1363 1024 CLITIPHO.

861 1080 993 1108 smus·

306 1121 374 1159 Ain
392 1127 430 1160 tu
440 1125 459 1160 9

860 1198 998 1226 naono.

485 1242 544 1281 Sic
561 1247 630 1282 est.

858 1315 988 1343 snus.

333 1399 335 1401 ,
644 1364 780 1400 Verum
799 1362 940 1402 interea
957 1363 1047 1402 dum
1063 1374 1253 1403 sermones
1271 1364 1459 1412 caedimus,

306 1417 380 1456 111ae
393 1421 480 1456 sunt
494 1417 643 1459 relictae.
878 1429 881 1433 ’
1024 1466 1027 1469 .

831 1491 1010 1520 omnmo.

659 1538 792 1578 Mulier
804 1539 872 1578 tibi
888 1540 1016 1588 adest3
1035 1539 1162 1585 audin,
1180 1539 1327 1578 Clinia?

855 1609 992 1637 cunm.

305 1657 381 1704 Ego
396 1665 484 1693 vero
503 1653 616 1694 audio
634 1666 733 1696 nunc
749 1657 900 1696 demum
921 1662 960 1696 et
975 1657 1084 1696 video
1100 1661 1139 1696 et
1156 1658 1275 1705 valeo,
1292 1657 1465 1707 Clitipho.

509 1724 515 1732 “
854 1727 986 1756 snus.

306 1774 455 1812 Minime
471 1772 609 1812 mirum
628 1787 639 1813 ε
659 1774 754 1814 adeo
773 1775 949 1826 inpeditae
963 1779 1076 1813 sunt:
1099 1774 1317 1813 ancillarum
1337 1785 1488 1825 gregem

305 1836 448 1872 Ducunt
463 1843 603 1872 secum.

857 1905 989 1932 CLINrA.

614 1951 736 1991 Perii:
753 1952 850 1991 unde
869 1952 923 1990 illi
942 1957 1028 1990 sunt
1040 1951 1208 1992 ancillae‘?

833 2023 1018 2050 cmnruo.

1204 2072 1284 2108 Men
1305 2071 1440 2119 rogas?

859 2141 989 2168 SYRUS·

305 2191 384 2228 Non
403 2188 568 2238 oportuit
586 2187 734 2227 relictas
756 2201 765 2226 :
790 2188 1041 2237 portantquid
1061 2193 1203 2226 rerum!

855 2258 992 2286 enum„

1226 2304 1292 2343 Hei
1315 2303 1422 2343 mihi.
