1586 2658
200 271 245 306 80
714 241 923 308 ANanA.

198 351 319 389 Alium
335 363 414 391 esse
429 363 555 392 censes
575 363 672 392 nunc
691 363 750 391 me
765 382 776 399 ‚
794 356 906 400 atque
924 350 1013 389 olim
1026 361 1141 400 quum
1157 349 1314 388 dabam?

199 409 234 447 Si
248 410 285 448 in
304 416 419 450 remst
432 412 579 461 utrique
593 416 636 451 ut
654 412 764 459 flant,
778 410 912 449 accersi
925 410 1029 458 jube.

172 476 174 480 ’
199 469 270 506 Sed
288 470 322 513 si
336 482 378 508 ex
393 482 438 509 ea
450 481 490 509 te
509 471 592 521 plus
612 471 755 517 malist‚
772 480 885 519 quam
902 469 1090 507 commodi

201 526 362 576 Utrique,
386 529 422 567 id
440 533 476 568 te
497 524 587 577 oro,
609 530 644 567 in
665 539 862 568 commune
883 532 923 566 ut
938 527 1129 574 consulas,

172 623 176 635 Ι,
197 586 308 631 Quasi
325 587 388 624 illa
406 592 470 626 tua
491 589 564 636 sit,
583 587 840 637 Pamphilique
855 597 925 636 ego
944 597 1014 625 sun
1030 590 1148 636 pater.

763 717 824 742 sm
853 733 862 740 .

173 799 177 809 Ἃ
198 764 314 801 Immo
324 763 378 821 ita
389 764 495 811 volo,
507 764 632 813 itaque
651 764 798 813 postulo
818 716 857 802 ξι
876 763 962 810 liat,
975 762 1131 800 Chreme

198 823 323 871 Neque
342 822 529 872 postulem
548 822 685 871 abste,
702 823 739 861 ni
757 822 838 872 ipsa
856 834 917 861 res
936 825 1099 861 moneat.

726 952 906 980 cunnus.
975 940 982 947 ’

1113 997 1210 1043 Quid
1224 999 1308 1036 est?

763 1069 864 1096 smo.

199 1117 265 1154 lrae
281 1119 367 1153 sunt
386 1115 483 1154 inter
499 1116 705 1165 Glycerium
722 1120 759 1154 et
777 1121 928 1164 gnatum

726 1186 902 1213 canemus.

959 1231 1092 1271 Audio.

765 1304 862 1330 smo.

199 1352 251 1387 lta
266 1361 408 1399 magnae
420 1380 429 1394 ,
452 1354 492 1388 ut
507 1361 655 1400 sperem
669 1361 776 1400 posse
789 1350 912 1388 avelli.

725 1421 904 1448 canemus.

930 1469 1086 1507 Fabulae.

761 1539 861 1566 smo.

197 1586 364 1623 Profecto
379 1586 432 1624 sic
449 1589 518 1624 est.

723 1656 902 1683 caumes.

431 1752 434 1756 ⁸
532 1703 592 1741 Sic
606 1703 735 1741 Hercle
750 1732 759 1746 ‚
779 1709 819 1741 ut
837 1704 958 1741 dicam
972 1703 1038 1742 tibi
1055 1717 1065 1741 ε

197 1761 407 1799 Amantium
425 1761 490 1800 irae
504 1762 641 1800 amoris
658 1762 902 1810 integratiost.

762 1832 861 1859 smo.

197 1884 284 1919 Hem
295 1911 307 1929 ,
328 1882 419 1920 id.te
436 1892 504 1920 oro
518 1911 527 1928 ,
543 1885 586 1920 ut
602 1886 690 1920 ante
707 1893 849 1921 eamus.
870 1886 968 1926 Dum,
981 1887 1128 1932 tempus
1143 1883 1275 1932 datur,

199 1942 363 1989 Dumque
382 1941 464 1990 ejus
480 1940 609 1978 lubido
629 1941 812 1980 occlusast
824 1942 1080 1988 contumeliis,

196 1999 300 2037 Prius
318 2010 430 2048 quam
451 2000 585 2038 harum
604 2000 744 2039 scelera
756 2006 795 2039 et
813 2001 985 2039 lacrumae
1001 2002 1164 2039 conficta»
1177 2001 1272 2039 dolis

195 2059 388 2097 Reducunt
402 2059 569 2097 animum
587 2064 768 2108 aegrotum
785 2059 832 2097 ad
848 2060 1139 2098 misericordiam
1149 2089 1163 2108 ,

195 2121 352 2156 Uxorem
368 2117 513 2156 demus.
534 2119 650 2166 Spero
669 2118 936 2157 consuetudine
954 2123 992 2156 et

195 2176 374 2225 conjugio
383 2176 537 2214 ‘liberali
555 2177 763 2216 devinctum
776 2207 788 2224 ,
810 2177 966 2215 Chreme
979 2205 989 2221 ,

196 2236 284 2275 Dein
305 2235 413 2274 facile
432 2246 476 2274 ex
491 2235 568 2275 illis
583 2247 665 2275 sese
682 2248 915 2275 emersurum
934 2236 1053 2275 malis.

722 2307 898 2334 cunnus.

196 2353 276 2391 Tibi
291 2353 343 2390 ita
361 2352 434 2391 hoc
444 2352 591 2392 videtur
608 2367 619 2392 :
635 2359 674 2392 at
692 2365 760 2402 ego
774 2365 848 2393 non
865 2364 974 2404 posse
987 2353 1148 2392 arbitror
