1586 2658
146 194 191 229 ‘28
655 197 867 234 ANDRIA.

695 288 829 315 nnus.

774 338 852 373 Non
865 338 1000 374 :Davus
1014 346 1094 374 sum
1098 345 1192 384 ‚non
1203 333 1377 384 OEdipus.

715 405 815 432 snio.

147 450 386 507 Nempessergo
399 454 527 500 aperte
540 450 610 499 vis,
623 462 706 500 quae
719 457 875 500 restant,
888 463 947 491 me
960 451 1091 502 loqui?

695 580 828 607 nnus.

1097 629 1191 666 Sane
1211 627 1376 676 quidem.

711 697 810 724 smo.

146 740 183 778 Si
202 750 351 779 sensero
370 742 480 782 hodie
500 743 696 793 quicquam
716 744 753 782 in
774 745 831 782 his
849 748 885 782 te
904 743 1041 793 nuptiis

147 798 314 838 Fallaciae
333 802 475 849 conari,
496 813 571 851 quo
592 803 681 841 fiant
701 803 837 850 minus,

147 861 216 894 Aut
233 858 327 896 velle
346 858 383 897 in
402 870 446 898 ea
465 871 506 899 re
524 861 685 908 ostendi,
705 872 817 910 quam
835 862 885 899 sis
904 860 1085 900 camdus:

150 916 370 956 verberibus
391 929 525 958 eaesum
548 923 599 968 te,
619 922 728 967 Dave,
752 921 790 957 in
810 920 1007 968 pistrinum
1032 920 1167 958 dedam
1193 931 1311 970 usque
1334 921 1381 959 ad

193 985 340 1023 necem,

149 1036 196 1071 Ea
204 1034 285 1083 lege
294 1039 404 1084 atque
412 1037 551 1084 omine,
559 1041 614 1085 ut,
625 1037 655 1075 si
663 1041 699 1075 te
711 1036 795 1074 inde
805 1037 1023 1085 exemerim,
1030 1048 1098 1086 ego
1106 1049 1175 1086 pro
1182 1042 1219 1076 te
1228 1038 1379 1077 molam.

147 1093 254 1139 Quid,
275 1092 348 1132 hoc
364 1093 596 1134 intellextin?
612 1106 659 1133 an
678 1095 843 1133 nondum
860 1096 973 1134 etiam
992 1107 1039 1134 ne
1058 1096 1129 1134 hoe
1146 1096 1321 1145 quidem?

700 1165 832 1193 nnus.

1100 1216 1216 1252 lmmo
1228 1214 1380 1256 caliidez

149 1271 199 1306 {ta
216 1274 342 1318 aperte
358 1270 474 1320 ipsam
490 1281 570 1310 rem
586 1272 697 1310 modo
711 1273 877 1319 locutus3
891 1271 983 1310 mhi!
997 1273 1212 1311 elrcuitione
1226 1284 1312 1311 usus
1326 1284 1381 1311 es.

147 1328 152 1333 ⁴
712 1341 811 1368 simo.

148 1385 270 1424 Ubivis
289 1386 434 1425 facilius
453 1398 582 1436 passus
601 1388 685 1435 sim,
707 1400 819 1437 quam
839 1400 878 1427 m
898 1389 969 1427 hac
989 1400 1045 1437 re,
1063 1399 1124 1427 me
1143 1389 1325 1428 deiudier.

698 1459 831 1487 nnus.

150 1506 248 1541 Bona
263 1504 391 1552 verba,
411 1516 549 1554 quaeso.

714 1578 813 1604 smo.

566 1624 706 1662 lurides
723 1638 733 1662 ε
751 1624 844 1662 nihil
863 1635 923 1662 me
941 1623 1052 1662 fallis.
1074 1624 1185 1662 Edico
1206 1624 1288 1671 tibi,

150 1683 200 1719 Ne
220 1685 360 1720 temere
379 1681 503 1721 facias.
522 1685 650 1732 Neque
671 1687 709 1721 tu
734 1683 834 1721 haud
854 1683 956 1722 dicas
975 1683 1044 1721 tibi
1061 1693 1135 1721 non
1154 1682 1382 1732 praedictum.

196 1741 304 1778 Cave.

621 1884 914 1926 SCENAIV.

684 1985 854 2019 nAvus.

701 2110 835 2137 nnus.

151 2157 358 2205 Enimvero,
374 2160 487 2205 Dave,
504 2157 599 2195 mhil
616 2157 688 2196 loci
708 2162 764 2195 est
783 2157 948 2206 segnitiae
962 2167 1085 2206 neque
1101 2158 1292 2206 socordiae,

151 2217 334 2260 Quantum
350 2216 514 2254 intellexi
534 2216 644 2254 modo
661 2217 759 2254 senis
776 2215 995 2254 sententiam
1012 2216 1059 2254 de
1078 2217 1215 2265 nuptiis
1233 2230 1242 2254 :

150 2273 238 2316 Quae
253 2272 374 2311 sinon
390 2276 470 2310 astu
486 2271 740 2321 providentur,
757 2282 816 2310 me
835 2276 899 2310 aut
916 2271 1048 2309 herum
1064 2283 1212 2320 pessum
1229 2272 1385 2320 dabunt,
