1586 2658
194 217 237 252 16
703 215 916 253 ANDRIA.

762 311 863 338 suno.

732 362 926 400 Phaedrum
946 365 1010 399 aut
1027 360 1181 400 Cliniam
1199 365 1263 399 aut

195 418 404 457 Niceratum
419 419 601 459 dicebant.
622 424 713 459 Nam
732 421 769 458 hi
790 427 865 459 tres
884 424 965 458 tum
985 419 1093 458 simul

194 478 388 516 Amabant.
404 479 496 527 Eho,
511 480 602 529 quid
619 480 862 528 Pamphilus?
877 478 1003 526 Quid?
1022 478 1227 529 symbolam

197 537 315 584 Dedit,
335 539 502 583 coenavit.
522 539 749 577 Gaudebam.
766 541 855 577 ltem
876 538 950 577 alio
968 538 1030 577 die

195 596 412 641 Quaerebam
430 611 440 636 :
462 598 738 647 comperiebam
758 598 850 636 nihil
871 599 917 636 ad
935 596 1171 647 Pamphilum

196 654 398 704 Quicquam
418 657 597 695 adtinere.
613 658 808 696 Enimvero
828 661 1034 707 spectatum
1050 656 1138 695 satis

195 714 388 762 Putabam,
409 719 446 753 et
462 727 636 765 maguum
655 717 865 765 exemplum
885 714 1145 755 continentiae:

196 775 286 811 Nam
306 774 370 822 qui
388 785 472 812 cum
492 775 648 824 ingeniis
669 776 899 814 conflictatur
918 774 1114 824 ejusmodi,

195 834 321 881 Neque
338 838 592 873 commovetur
611 835 755 873 animus
771 834 808 872 in
829 830 872 872 ea
891 845 931 872 re
948 839 1084 876 tamen,

196 891 296 930 Scias
312 903 418 942 posse
438 893 574 932 habere
589 892 669 942 jam
688 893 810 942 ipsum
830 904 905 931 suae
918 893 999 930 vitae
1016 891 1181 930 modum.

196 952 316 995 Quum
329 951 367 990 id
386 952 477 990 mihi
499 952 680 1001 placebat,
699 956 777 990 tum
798 964 872 990 uno
889 962 954 989 ore
973 962 1102 989 omnes
1120 950 1243 989 omnia

195 1013 296 1048 Bona
315 1011 452 1056 dicere,
470 1015 507 1049 et
526 1011 676 1049 laudare
696 1012 862 1049 fortunas
882 1021 998 1052 meas,

196 1070 264 1115 Qui
283 1074 433 1118 gnatum
451 1071 626 1109 haberem
645 1070 711 1108 tali
731 1070 878 1118 ingenio
898 1068 1105 1118 praeditum.

196 1130 295 1178 Quid
308 1130 428 1169 verbis
444 1141 537 1179 opus
555 1133 635 1169 est?
653 1130 724 1168 hac
743 1129 841 1167 fama
860 1129 1041 1177 impulsus
1059 1128 1250 1175 Chremes,

197 1189 298 1227 Ultro
315 1189 362 1227 ad
377 1201 436 1228 me
455 1190 566 1236 venit,
587 1190 732 1228 unicam
755 1195 902 1237 gnatam
923 1199 1026 1226 suam

198 1251 289 1286 Cum
308 1249 396 1287 dote
415 1260 559 1287 summa
579 1249 656 1287 filio
676 1259 829 1297 uxorem
852 1252 891 1285 ut
910 1247 1028 1285 daret.

198 1307 339 1346 Placuit
355 1321 364 1344 ε
384 1308 563 1358 despondi
583 1322 592 1346 z
615 1307 674 1346 hic
692 1307 831 1356 nuptiis
849 1306 985 1344 dictust
1002 1306 1093 1344 dies.

759 1377 869 1404 sosm.

199 1424 295 1470 Quid
307 1425 428 1464 obstat
443 1436 510 1464 cur
523 1436 599 1464 non
617 1435 712 1463 verae
730 1425 848 1462 fiant?

766 1553 863 1583 smo.

883 1600 1030 1638 Audies.

199 1663 290 1699 Fere
305 1661 343 1698 in
359 1660 491 1699 diebus
506 1658 646 1710 paucis,
665 1660 800 1709 quibus
819 1660 897 1698 haec
915 1663 996 1697 acta
1012 1661 1112 1705 sunt,

199 1720 347 1769 Chrysis
360 1719 478 1758 vicina
495 1719 575 1758 haec
590 1719 760 1757 moritur.

759 1788 875 1816 sosiA.

778 1838 807 1874 Ο
828 1836 963 1873 factum
984 1834 1100 1873 bene!

200 1896 318 1935 Beasti
337 1909 348 1936 z
367 1897 444 1944 hel,
463 1896 580 1935 metui
598 1907 620 1934 a
637 1895 829 1945 Chryside.

769 1965 866 1992 suno.

860 2011 911 2049 lbi
927 2015 1006 2048 tum
1022 2009 1119 2048 lilius

200 2076 291 2112 Cum
306 2072 392 2121 illis,
406 2073 470 2122 qui
486 2072 661 2110 amabant
679 2070 909 2120 chrysidem,
927 2080 999 2107 una
1015 2069 1145 2106 aderat
1163 2067 1335 2117 frequens
1347 2080 1360 2106 ε

200 2132 359 2171 Curabat
379 2143 451 2170 una
471 2131 580 2169 funus
599 2145 608 2168 :
630 2130 744 2168 tristis
762 2129 932 2175 interim;

201 2193 487 2240 Nonnumquam
505 2188 807 2228 collacrumabat.
825 2186 965 2225 Placuit
978 2190 1057 2224 tum
1074 2186 1112 2224 id
1132 2184 1238 2224 mihi.

237 2323 265 2351 ¹.
282 2334 293 2350 ι
306 2324 441 2356 Tere-00,
460 2320 502 2349 du
522 2318 655 2355 Ιόιοῑοι,
672 2327 690 2347 ι
708 2318 809 2347 ieiune
822 2318 932 2346 naivete
950 2315 1117 2351 ininiuble,
1128 2318 1159 2344 ot
1168 2315 1216 2352 qui
1228 2313 1365 2343 otte-driu
1381 2311 1436 2351 ptr
