1624 2632
287 220 356 256 ⁴88
791 221 1008 258 HECYRA.

754 445 1052 494 ACTUSIL

774 582 956 621 SCENA
999 583 1028 621 Ι.

657 687 1148 730 LACHES,SOSTRATA.

826 795 976 824 uenus.

282 843 354 879 Pro
373 843 489 879 Deum
509 847 620 891 atque
640 843 831 881 hominum
847 843 975 891 fidem,
996 844 1098 893 quod
1114 845 1185 883 hoc
1203 855 1319 893 genus
1338 847 1414 891 est,
1437 854 1519 892 quae

330 899 409 942 haec
428 906 482 939 est
500 901 737 950 conjuratio?

283 959 366 996 Utin
386 970 514 999 omnes
534 961 709 999 mulieres
723 962 853 999 eadem
866 973 971 1010 aeque
984 962 1157 1000 studeant
1168 962 1360 1010 nolintque
1370 962 1519 1000 omnia?

283 1021 408 1066 Neque
425 1019 648 1058 declinatam
661 1021 860 1069 quicquam
880 1021 926 1058 ab
943 1021 1101 1058 aliarum
1121 1021 1268 1069 ingenio
1283 1020 1397 1058 ullam
1413 1031 1519 1069 repe·

329 1075 437 1116 rias?

285 1138 408 1186 ltaque
426 1137 519 1176 adeo
539 1149 613 1176 uno
630 1149 755 1176 ammo
777 1150 907 1177 omnes
926 1150 1052 1178 socrus
1070 1139 1229 1178 oderunt
1245 1150 1375 1178 nurus.

248 1203 250 1206 ’
283 1195 377 1234 Viris
397 1207 477 1234 esse
495 1196 669 1235 advorsas
681 1208 786 1246 aeque
802 1197 967 1236 studium
980 1203 1050 1245 est,
1070 1198 1201 1236 similis
1218 1197 1454 1247 pertinacuast
1476 1212 1485 1236 :

282 1257 321 1292 111
339 1255 544 1305 eodemque
563 1267 692 1294 omnes
707 1257 797 1294 mihi
816 1257 989 1295 videntur
1001 1257 1089 1295 ludo
1105 1258 1223 1296 doctae
1236 1257 1280 1294 ad
1299 1257 1493 1294 malitiam.

281 1314 322 1351 Ei
340 1314 443 1362 ludo,
457 1315 489 1353 si
505 1315 602 1353 ullus
619 1319 688 1362 est,
708 1315 923 1364 magistram
945 1317 1040 1354 hanc
1056 1327 1138 1354 esse
1157 1316 1246 1354 satis
1262 1320 1364 1355 certo
1381 1315 1467 1354 scio.

799 1386 997 1413 sosrnau.

281 1433 338 1470 Me
357 1431 544 1480 miseram,
559 1444 651 1482 quae
664 1442 761 1472 nunc
774 1435 1018 1482 quamobrem
1039 1445 1189 1472 accuser
1209 1434 1344 1472 nescio.

827 1503 976 1530 LACHES.

1346 1554 1452 1598 Hem,

281 1611 335 1645 Tu
353 1608 500 1646 nescis?

797 1679 998 1707 sosnuu.

505 1731 583 1767 Non
607 1742 617 1767 :
637 1729 690 1767 ita
706 1739 765 1768 me
782 1730 820 1767 di
839 1730 935 1768 bene
951 1734 1088 1774 ament,
1112 1730 1165 1768 mi
1182 1730 1335 1779 Laches,

283 1789 408 1836 ltaque
425 1799 498 1827 una
513 1787 611 1827 inter
627 1799 695 1827 nos
712 1799 824 1837 agere
844 1794 991 1827 aetatem
1005 1789 1125 1828 liceat.

825 1859 976 1886 nemas.

1107 1906 1150 1944 Di
1170 1906 1269 1944 mala
1280 1906 1512 1955 prohibeant.

800 1977 995 2004 sosrnAu.

278 2024 407 2071 Meque
419 2023 534 2062 abste
546 2022 736 2062 immerito
750 2035 832 2062 esse
845 2029 1050 2063 accusatam
1053 2024 1270 2073 ,postmodo
1278 2024 1464 2063 rescisces.

819 2095 970 2122 menes.

1406 2147 1488 2184 Scio
1500 2150 1510 2185 !

313 2227 339 2254 1.
360 2226 437 2254 voici
455 2235 510 2255 une
527 2228 609 2255 scene
622 2229 743 2263 pat-fante
763 2229 799 2256 de
818 2230 926 2263 verite3
938 2229 982 2256 les
993 2230 1156 2258 caracteres
1169 2239 1188 2266 y
1204 2234 1269 2258 sont
1283 2232 1375 2258 traces
1386 2231 1422 2258 de
1437 2232 1511 2259 main

276 2266 311 2293 de
326 2267 427 2295 main-e
439 2277 447 2295 :
461 2268 581 2295 humeur
592 2268 719 2305 brusque
729 2269 798 2297 chez
810 2270 926 2304 Laches,
941 2269 1068 2298 douceur
1082 2271 1210 2307 resignee
1228 2271 1296 2298 chez
1308 2273 1445 2299 Sostrata.
1468 2274 1511 2300 011

276 2309 449 2344 fimet-esse,
467 2309 574 2343 matgre
586 2309 627 2336 les
639 2310 680 2336 les
693 2311 802 2344 pax-oles
815 2311 852 2339 de
873 2311 990 2345 Laches.
1005 2315 1035 2339 et
1048 2311 1065 2338 “a
1080 2313 1220 2346 Sostrata,
1237 2312 1427 2349 gourmandee
1439 2321 1512 2349 pour
