1624 2632
234 220 303 255 184
739 215 958 251 HECYRA.

233 295 437 343 Superbum
457 298 514 333 est
534 294 628 332 :sed
645 291 747 332 illam
763 304 888 343 spero,
905 293 966 331 ubi
983 292 1055 330 hoc
1066 289 1275 339 cognoverit

233 355 310 391 Non
332 364 439 402 posse
458 362 498 392 se
517 362 662 391 mecum
678 362 774 399 esse,
793 352 977 390 abituram
997 350 1170 400 denique.

345 506 351 508 ,
783 479 961 507 minoris.

233 528 326 574 Quid
347 529 515 568 interea?
531 527 658 568 lbatne
674 527 722 566 ad
738 527 956 565 Bacchidem
967 529 987 564 ⁶?

763 656 947 683 vanusne.

991 702 1175 748 Quotidie.

235 764 304 802 Sed
325 768 363 801 ut
381 764 435 809 tit,
456 769 652 813 postquam
677 769 775 802 nunc
791 763 955 800 alienum
974 762 1021 800 ab
1037 773 1117 800 sese
1132 761 1245 805 videt.

233 823 388 871 Maligna
405 823 523 861 multo
541 828 580 861 et
598 822 715 870 magis
736 832 870 870 procax
890 821 986 859 sacta
1003 821 1103 859 illico
1119 826 1189 859 est.

279 883 283 887 ’
439 908 445 916 .
760 892 941 918 minoris.

231 944 312 980 Non
327 940 464 991 edepol
480 941 631 979 mirum.

760 1009 948 1036 PARMENO.

646 1061 765 1105 Atque
779 1068 822 1095 ea
836 1068 895 1095 res
914 1056 1031 1094 multo
1048 1066 1230 1093 maxume.

233 1117 409 1166 Disjunxit
428 1116 533 1155 illum
554 1117 600 1155 ab
617 1115 682 1154 illa
691 1130 701 1163 ;
723 1121 918 1165 postquam
939 1120 977 1152 et
994 1115 1072 1163 ipse
1090 1125 1143 1162 se,

232 1180 275 1214 Et
294 1177 408 1222 illam,
428 1180 466 1215 et
481 1176 575 1213 hanc
592 1186 676 1224 quae
692 1175 792 1213 domi
813 1178 906 1221 erat,
921 1174 1090 1221 cognovit
1108 1173 1207 1214 satis,

231 1236 285 1273 Ad
302 1234 513 1284 exemplum
528 1234 722 1272 ambarum
743 1244 867 1271 mores
881 1244 1009 1271 earum
1029 1233 1266 1270 existumans-

233 1297 328 1341 Haec,
348 1295 399 1332 ita
413 1295 466 1333 uti
483 1295 630 1333 liberali
652 1305 732 1334 esse
750 1295 897 1342 ingenio
917 1294 1036 1339 decet,

233 1353 392 1399 PudenS,
414 1353 606 1400 modesta;
626 1350 858 1390 incommoda
875 1358 984 1399 atque
998 1351 1151 1399 iujurias

233 1411 308 1448 Viri
324 1412 444 1449 omnis
464 1412 578 1458 ferre,
595 1416 633 1450 et
649 1417 773 1459 tegere
789 1411 1044 1449 contumelias.

233 1471 296 1507 Hic
313 1471 457 1507 animus
477 1469 611 1519 partim
632 1469 755 1507 uxoris
776 1468 1027 1506 misericordia

235 1529 436 1567 Devinctus.
458 1529 591 1577 partim
613 1529 727 1566 victus
746 1527 856 1575 hujus
876 1527 1035 1575 injuriis,

235 1588 415 1624 Paulatim
436 1588 599 1636 elapsust
614 1586 798 1632 Bacchidi,
817 1591 927 1634 atque
948 1586 1020 1623 huc
1038 1584 1223 1622 transtulit

234 1651 420 1693 Amorem,
442 1651 637 1695 postquam
659 1657 726 1694 par
745 1645 932 1693 ingenium
953 1649 1082 1682 nactus
1101 1649 1170 1681 est.

235 1707 376 1742 Interea
393 1704 431 1742 in
453 1704 577 1742 Imbro
594 1704 752 1742 moritur
767 1708 942 1751 cognatus
960 1714 1070 1740 senex

203 1767 205 1769 ’
235 1766 426 1801 Horumce.
446 1766 496 1801 Ea
513 1763 559 1811 ad
578 1763 647 1811 hos
667 1763 812 1800 redibat
828 1763 909 1810 lege
932 1762 1133 1799 hereditas.

235 1825 286 1860 Eo
306 1820 492 1860 amantem
510 1822 665 1859 invitum
683 1821 918 1870 Pamphilum
938 1820 1098 1858 extrudit
1116 1824 1233 1868 pater.

235 1874 423 1928 Relinquit
438 1880 496 1918 hic
514 1891 599 1918 cum
615 1883 734 1918 matre
750 1890 902 1917 uxorem
920 1892 929 1917 :
951 1890 1036 1916 nam
1053 1889 1164 1916 senex

237 1941 312 1976 Rus
331 1938 472 1977 abdidit
489 1949 529 1977 se
547 1951 558 1978 ε
581 1939 656 1979 huc
675 1949 760 1976 raro
782 1938 819 1976 in
835 1938 962 1976 urbem
981 1942 1177 1975 commeat.

765 2008 943 2035 PHILO‘HS.

237 2056 332 2102 Quid
351 2057 474 2095 adhuc
494 2056 632 2095 hahent
652 2056 875 2094 infirmitatis
895 2054 1065 2104 nuptiae?

763 2126 950 2153 PARMENO.

237 2176 339 2212 Nunc
357 2173 498 2212 audies.
515 2175 639 2212 Primo
660 2172 740 2226 dies
755 2172 1029 2222 complusculos
1063 2222 1066 2226 Δ

238 2235 334 2271 Bene
350 2231 594 2271 conveniebat
611 2243 700 2271 sane
717 2233 812 2270 inter
825 2243 900 2269 eas.
922 2231 1071 2269 Interim

239 2292 338 2330 Miris
356 2290 475 2331 modis
493 2291 615 2331 odisse
633 2290 742 2340 coepit
759 2293 984 2330 Sostratam:

1612 1064 1615 1066 ·
1612 844 1624 1045 —i—-n—-ssn
1619 828 1624 838 -
1618 775 1624 821 ...—
