1624 2632
267 217 336 254 368
551 219 791 259 HEAUTON
824 222 1212 262 TIMORUMENOS.

789 312 969 342 canens.

701 360 846 399 Vivitne
866 361 943 405 illa,
962 361 1075 401 cuitu
1090 363 1273 402 dederas?

776 430 976 459 sosnuu.

1024 522 1027 524 ‚
1291 479 1433 519 Nescio.

788 546 968 576 cunnus.

263 593 358 639 Quid
378 595 602 634 renuntiavit
622 596 741 634 olim?

778 667 981 695 som-mn.

755 715 899 754 Fecisse
919 716 958 754 id
975 716 1075 766 quod
1094 716 1290 766 jusseram.

787 785 965 813 cantans.

263 830 402 867 Nomen
419 829 585 870 muhens
603 831 695 870 cedo
712 833 814 881 quod
834 834 895 876 sit,
914 838 956 872 ut
976 838 1175 882 quaeratur.

771 961 972 990 sosnuu.

1205 1011 1381 1050 Philtere.

811 1080 941 1108 snus.

259 1122 340 1170 Ipsa
357 1127 427 1161 est.
449 1122 579 1162 Mirum
594 1124 632 1162 ni
654 1125 717 1163 illa
735 1127 835 1165 salva
856 1133 926 1173 est,
947 1132 984 1166 et
1002 1138 1070 1178 ego
1089 1128 1197 1178 perii.

786 1256 964 1285 CHREMES.

1217 1308 1395 1350 Sostrata,

258 1358 419 1406 Sequere
439 1369 499 1398 me
516 1361 614 1400 intro
630 1361 712 1401 hae.

770 1433 970 1462 sosrmn.

244 1516 247 1521 ,
603 1475 606 1479 ’
633 1481 678 1518 Ut
696 1484 831 1529 praeter
849 1493 953 1532 spem
974 1481 1108 1521 evenit.
1122 1485 1240 1529 Quam
1255 1483 1363 1521 timui
1376 1484 1487 1532 male,

257 1535 309 1571 Ne
328 1545 424 1573 nune
440 1535 565 1575 animo
582 1536 635 1576 ita
650 1548 751 1578 esses
768 1540 879 1589 duro,
899 1545 939 1579 ut
956 1541 1049 1579 olim
1066 1541 1103 1579 in
1118 1541 1297 1590 tollendo,
1316 1542 1487 1582 Chreme.

782 1668 959 1696 canens.

242 1711 334 1765 VNon
356 1709 440 1749 licet
462 1711 653 1752 hominem
669 1725 750 1754 esse
769 1726 867 1765 saepe
884 1717 936 1755 ita
955 1720 996 1755 ut
1014 1717 1104 1764 volt,
1123 1717 1154 1755 si
1170 1728 1230 1756 res
1247 1728 1320 1756 non
1340 1718 1438 1756 sinit.
1504 1706 1506 1708 ¹

257 1770 359 1807 Nunc
377 1769 435 1807 ita‘
445 1773 592 1820 tempus
606 1777 677 1822 est,
694 1774 747 1813 mi
760 1779 801 1813 ut
815 1776 964 1825 cupiam
979 1775 1094 1814 filiam
1107 1789 1117 1821 ;
1137 1775 1227 1815 olim
1239 1776 1334 1815 nihil
1349 1777 1485 1816 minus.

737 1984 921 2025 SCENA
949 1986 1004 2026 ΙΙ.

785 2089 953 2124 SYRUS.

826 2198 900 2225 nm
922 2214 935 2226 .

254 2240 330 2278 Nisi
351 2252 411 2279 me
434 2243 579 2282 animus
601 2244 716 2293 fallit,
735 2197 836 2283 bauz
852 2199 1011 2285 mtfltum
1033 2258 1057 2284 a
1078 2247 1163 2286 med
1186 2248 1306 2287 aberit
1325 2249 1483 2289 intortu-

299 2310 428 2339 mum:
