1624 2632
326 221 397 259 390
611 223 851 260 HEAUTON
883 224 1275 262 TIMORUMENOS.

874 317 1002 344 snus.

607 365 722 403 Immo
743 364 824 403 aliis
841 365 872 403 si
896 365 995 407 licet,
1013 364 1079 403 tibi
1100 375 1172 403 non
1194 364 1290 404 lieet.

325 420 459 458 Omnes
478 424 514 458 te
533 420 569 458 in
586 420 686 460 lauta
703 427 742 461 et
756 423 851 462 bene
868 428 977 462 aucta
994 433 1036 462 re
1055 427 1198 472 putant.

845 553 1022 580 cunnus.

322 597 416 643 Quin
434 602 582 646 egomet
597 598 676 648 jam
694 599 741 637 ad
757 610 841 638 eam
862 601 1043 639 deseram.

873 670 1004 698 snus.

1053 721 1168 758 Immo
1186 718 1303 758 filium

321 773 411 812 Jube
429 774 563 824 potius.

847 847 1026 877 cunam.

580 894 828 940 Quamobrem
841 897 860 932 2>

870 967 1003 994 smus.

872 1014 964 1059 Quia
988 1013 1087 1052 enim
1107 1014 1145 1053 in
1162 1026 1248 1054 eum
1267 1016 1458 1067 suspiciost

323 1067 512 1108 Translata
531 1080 682 1110 amorls.

847 1145 1024 1173 canentes.

698 1190 794 1237 Quid
814 1195 919 1230 tum?

870 1263 1000 1291 snus.

926 1312 1020 1358 Quia
1038 1312 1222 1352 videbitur

322 1368 435 1416 Magis
450 1367 647 1408 verisimile
665 1369 703 1408 id
721 1380 816 1415 esse,
837 1382 952 1420 quum
975 1371 1034 1410 hic
1054 1371 1108 1410 illi
1131 1373 1248 1412 dabit.

323 1431 366 1466 Et
388 1429 498 1467 simul
519 1430 711 1469 conficiam
731 1431 875 1469 facilius
893 1443 961 1477 ego
982 1434 1082 1480 quod
1103 1434 1198 1472 volo.

322 1489 402 1535 lpse
425 1489 520 1529 adeo
540 1488 646 1528 adest
662 1502 673 1529 z
692 1489 768 1538 abi,
784 1491 876 1529 effer
894 1496 1100 1539 argentum.

844 1560 1020 1587 cnaeus.

1122 1609 1256 1651 mero.

794 1729 979 1770 SCENA
1007 1730 1079 1770 Vl.
1177 1702 1180 1704 ’

706 1842 960 1884 (ΞῙᾸΤΙΡΗΟ,
987 1844 1158 1880 SYRUS.

849 1959 1030 2000 omnmo.

319 2017 426 2055 Nulla
444 2019 500 2055 est
515 2020 593 2055 tam
612 2017 730 2057 facilis
746 2030 820 2066 res,
840 2020 929 2069 quin
949 2020 1109 2059 difficilis
1126 2023 1210 2070 siet,

319 2078 436 2122 Quam
454 2075 589 2115 invitus
603 2077 729 2116 facias.
750 2079 815 2117 Vel
833 2090 893 2117 me
912 2080 990 2118 haec
1008 2079 1272 2129 deambulatio,

320 2138 438 2181 Quam
460 2145 533 2172 non
554 2135 755 2184 laboriosa,
778 2137 825 2175 ad
849 2138 1067 2186 languorem
1090 2139 1206 2177 dedit.

320 2197 393 2232 Nec
408 2194 607 2242 quicquam
626 2196 742 2243 magis
757 2207 854 2235 nunc
872 2203 1014 2245 metuo,
1030 2208 1141 2246 quam
1159 2209 1207 2237 ne
1222 2198 1345 2238 denuo

320 2253 427 2291 Miser
444 2253 567 2301 aliquo
591 2255 764 2292 extrudar
785 2255 884 2303 hinc,
903 2266 950 2294 ne
969 2256 1143 2294 accedam
1164 2257 1212 2295 ad
1230 2257 1465 2298 Bacchidem.

320 2314 366 2350 Ut
380 2316 416 2351 te
433 2311 584 2362 quidem
602 2323 731 2352 omnes
749 2314 787 2352 di
807 2314 885 2353 deae
898 2319 1126 2363 quantumst,
1146 2317 1252 2366 Syre,
1307 2351 1310 2355 .
