1586 2658
224 244 293 281 118
740 239 948 276 ANDRIA.

775 329 912 357 nnus.

682 379 836 416 Verum.
857 375 939 414 Vidi
953 374 1176 413 Cantharam

223 437 518 477 Suffarcinatam.

299 505 317 509 ²
782 505 904 533 ursis,

528 554 591 592 Dis
609 553 673 603 pol
694 553 815 591 habeo
834 551 990 601 gratiam
1003 580 1015 598 ‚

223 617 344 661 Quum
361 614 399 652 in
419 613 604 664 pariundo
622 612 765 661 aliquot
787 611 988 649 adfuerunt
1002 608 1140 648 liberae.

780 680 913 709 navus.

224 735 286 770 Nae
305 732 368 770 illa
386 731 493 770 illum
506 731 608 770 haud
627 730 751 778 novit,
767 730 873 778 eujus
890 739 1003 768 eausa
1021 728 1099 766 haec
1117 725 1257 774 incipit.

225 791 401 829 Chremes
413 820 425 838 ‚
442 790 471 828 si
488 792 652 840 positum
670 800 826 838 puerum
847 792 933 826 ante
952 787 1041 826 aedis
1057 784 1210 831 viderit,

225 852 336 888 Suam
350 854 496 896 gnatam
519 860 595 888 non
614 848 742 887 dabit?
762 851 878 886 Tanto
897 846 1022 885 hercle
1039 844 1158 894 magis
1169 843 1285 882 dabit.

751 976 930 1004 cumanus.

224 1028 306 1064 Non
324 1025 449 1064 hercle
465 1025 590 1064 faciet.

776 1094 910 1121 navus.

611 1145 715 1181 Nunc
732 1142 850 1189 adeo,
870 1146 912 1179 ut
930 1145 970 1178 tu
990 1150 1040 1178 srs
1055 1149 1195 1186 sciens,

225 1201 302 1239 Nisi
315 1212 474 1250 puerum
486 1201 606 1249 tollis,
623 1202 703 1251 jam
719 1212 787 1250 ego
807 1201 906 1238 hunc
925 1199 961 1237 in
983 1197 1146 1236 mediam
1165 1196 1262 1235 viam

225 1261 467 1300 Provolvam:
489 1265 601 1310 teque
620 1260 762 1299 ibidem
783 1258 996 1309 pervolvam
1013 1257 1051 1295 in
1067 1257 1158 1294 luto.

785 1329 908 1356 ursis.

227 1381 277 1416 Tu
300 1378 363 1427 pol
378 1380 491 1418 homo
509 1390 586 1418 non
605 1389 645 1417 es
663 1378 823 1417 sobrius.

778 1448 911 1474 nnus.

834 1493 993 1532 Fallacia

227 1554 308 1593 Alia
326 1555 438 1594 aliam
455 1555 586 1595 trudit.
601 1558 680 1594 Jam
697 1553 880 1593 susurrari
898 1551 1030 1600 audio,

228 1614 352 1654 Civem
365 1614 523 1654 Atticam
537 1625 617 1654 esse
634 1615 741 1653 hanc.

758 1681 937 1710 cunmmzs.

760 1732 864 1768 Hem.

781 1799 914 1827 DAVUS·

879 1850 1034 1886 Coactus
1052 1846 1196 1895 legibus

230 1914 319 1951 Eam
335 1922 488 1951 uxorem
503 1910 628 1950 ducet.

786 1977 908 2005 ιιῑειε.

646 2030 724 2075 Au,
741 2025 898 2065 obsecro
909 2053 923 2073 ,
939 2035 987 2063 an
1001 2034 1078 2062 non
1096 2022 1184 2062 civis
1199 2023 1282 2060 est?

763 2095 940 2123 canamus.

234 2148 455 2190 Iocularium
467 2146 506 2185 in
524 2146 664 2185 malum
680 2145 841 2183 insciens
855 2153 958 2194 paene
976 2141 1103 2181 incidi.

784 2213 919 2242 navus.

236 2268 324 2315 Quis
340 2267 400 2306 hie
418 2265 605 2315 loquitur?
624 2266 654 2302 O
673 2263 850 2310 Chreme,
866 2271 935 2311 per
949 2265 1096 2309 tempus
1115 2257 1281 2296 advenis.

236 2326 421 2366 Ausculta.
