<?xml version="1.0" encoding="UTF-8"?>
<!DOCTYPE html PUBLIC "-//W3C//DTD XHTML 1.0 Transitional//EN"
    "http://www.w3.org/TR/xhtml1/DTD/xhtml1-transitional.dtd">
<html xmlns="http://www.w3.org/1999/xhtml" xml:lang="en" lang="en">
 <head>
  <title>
</title>
<meta http-equiv="Content-Type" content="text/html;charset=utf-8" />
  <meta name='ocr-system' content='tesseract 3.04.00' />
  <meta name='ocr-capabilities' content='ocr_page ocr_carea ocr_par ocr_line ocrx_word'/>
</head>
<body>
  <div class='ocr_page' id='page_1' title='image "./comdiesdetre01tereuoft_0390.png"; bbox 0 0 1624 2632; ppageno 0'>
   <div class='ocr_carea' id='block_1_1' title="bbox 293 221 1242 259">
    <p class='ocr_par' dir='ltr' id='par_1_1' title="bbox 293 221 1242 259">
     <span class='ocr_line' id='line_1_1' title="bbox 293 221 1242 259; baseline 0.001 -1"><span class='ocrx_word' id='word_1_1' title='bbox 293 222 365 259; x_wconf 72' lang='lat'><strong>328</strong></span> <span class='ocrx_word' id='word_1_2' title='bbox 579 222 817 259; x_wconf 79' lang='lat' dir='ltr'>HEAUTON</span> <span class='ocrx_word' id='word_1_3' title='bbox 851 221 1242 259; x_wconf 82' lang='lat' dir='ltr'>TIMORUMENOS.</span> 
     </span>
    </p>
   </div>
   <div class='ocr_carea' id='block_1_2' title="bbox 437 345 1389 485">
    <p class='ocr_par' dir='ltr' id='par_1_2' title="bbox 437 345 1389 485">
     <span class='ocr_line' id='line_1_2' title="bbox 766 345 1061 386; baseline 0.003 -1"><span class='ocrx_word' id='word_1_4' title='bbox 766 345 952 386; x_wconf 84' lang='lat' dir='ltr'>SCENA</span> <span class='ocrx_word' id='word_1_5' title='bbox 982 346 1061 386; x_wconf 90' lang='lat'><em>111.</em></span> 
     </span>
     <span class='ocr_line' id='line_1_3' title="bbox 437 412 1389 485; baseline 0.001 -9"><span class='ocrx_word' id='word_1_6' title='bbox 437 441 662 484; x_wconf 77' lang='lat' dir='ltr'>BACCHIS,</span> <span class='ocrx_word' id='word_1_7' title='bbox 688 412 977 485; x_wconf 33' lang='lat' dir='ltr'><strong>ANTH’HIIssA,</strong></span> <span class='ocrx_word' id='word_1_8' title='bbox 1004 444 1191 484; x_wconf 78' lang='lat' dir='ltr'>CLINIA,</span> <span class='ocrx_word' id='word_1_9' title='bbox 1217 443 1389 477; x_wconf 77' lang='lat' dir='ltr'><strong>SYRUS.</strong></span> 
     </span>
    </p>
   </div>
   <div class='ocr_carea' id='block_1_3' title="bbox 253 601 1534 1647">
    <p class='ocr_par' dir='ltr' id='par_1_3' title="bbox 253 601 1534 1647">
     <span class='ocr_line' id='line_1_4' title="bbox 832 601 995 629; baseline 0 0"><span class='ocrx_word' id='word_1_10' title='bbox 832 601 995 629; x_wconf 66' lang='lat' dir='ltr'><strong>uectus.</strong></span> 
     </span>
     <span class='ocr_line' id='line_1_5' title="bbox 297 646 1420 710; baseline 0 -26"><span class='ocrx_word' id='word_1_11' title='bbox 297 646 434 695; x_wconf 81' lang='lat' dir='ltr'>Edepol</span> <span class='ocrx_word' id='word_1_12' title='bbox 454 651 506 694; x_wconf 86' lang='lat' dir='ltr'><strong>te,</strong></span> <span class='ocrx_word' id='word_1_13' title='bbox 527 658 610 686; x_wconf 83' lang='lat' dir='ltr'><strong>mea</strong></span> <span class='ocrx_word' id='word_1_14' title='bbox 627 649 832 698; x_wconf 80' lang='lat' dir='ltr'><strong>Antiphila,</strong></span> <span class='ocrx_word' id='word_1_15' title='bbox 854 650 965 688; x_wconf 88' lang='lat' dir='ltr'><strong>laudo</strong></span> <span class='ocrx_word' id='word_1_16' title='bbox 985 655 1022 688; x_wconf 85' lang='lat' dir='ltr'><strong>et</strong></span> <span class='ocrx_word' id='word_1_17' title='bbox 1038 650 1264 710; x_wconf 47' lang='lat' dir='ltr'><strong>fortun-atam</strong></span> <span class='ocrx_word' id='word_1_18' title='bbox 1280 647 1420 697; x_wconf 85' lang='lat' dir='ltr'><strong>judico.</strong></span> 
     </span>
     <span class='ocr_line' id='line_1_6' title="bbox 297 707 1482 757; baseline 0 -12"><span class='ocrx_word' id='word_1_19' title='bbox 297 707 334 746; x_wconf 87' lang='lat' dir='ltr'><strong>{d</strong></span> <span class='ocrx_word' id='word_1_20' title='bbox 353 719 468 757; x_wconf 85' lang='lat' dir='ltr'><strong>quum</strong></span> <span class='ocrx_word' id='word_1_21' title='bbox 487 709 672 757; x_wconf 79' lang='lat' dir='ltr'><strong>studuisti,</strong></span> <span class='ocrx_word' id='word_1_22' title='bbox 690 710 748 748; x_wconf 83' lang='lat' dir='ltr'><strong>isti</strong></span> <span class='ocrx_word' id='word_1_23' title='bbox 770 711 896 749; x_wconf 81' lang='lat' dir='ltr'><strong>sormae</strong></span> <span class='ocrx_word' id='word_1_24' title='bbox 917 716 957 749; x_wconf 94' lang='lat' dir='ltr'><strong>ut</strong></span> <span class='ocrx_word' id='word_1_25' title='bbox 978 722 1101 749; x_wconf 89' lang='lat' dir='ltr'><strong>mores</strong></span> <span class='ocrx_word' id='word_1_26' title='bbox 1117 709 1330 748; x_wconf 83' lang='lat' dir='ltr'>consimiles</span> <span class='ocrx_word' id='word_1_27' title='bbox 1349 708 1482 747; x_wconf 77' lang='lat' dir='ltr'><strong>forent.</strong></span> 
     </span>
     <span class='ocr_line' id='line_1_7' title="bbox 295 765 1528 818; baseline 0 -14"><span class='ocrx_word' id='word_1_28' title='bbox 295 766 529 816; x_wconf 83' lang='lat' dir='ltr'><strong>Minimeque,</strong></span> <span class='ocrx_word' id='word_1_29' title='bbox 551 767 601 806; x_wconf 85' lang='lat' dir='ltr'><strong>ita</strong></span> <span class='ocrx_word' id='word_1_30' title='bbox 622 771 681 807; x_wconf 85' lang='lat' dir='ltr'><strong>me</strong></span> <span class='ocrx_word' id='word_1_31' title='bbox 692 769 729 806; x_wconf 93' lang='lat' dir='ltr'><strong>di</strong></span> <span class='ocrx_word' id='word_1_32' title='bbox 746 775 885 816; x_wconf 89' lang='lat' dir='ltr'><strong>ament,</strong></span> <span class='ocrx_word' id='word_1_33' title='bbox 906 770 1023 808; x_wconf 80' lang='lat' dir='ltr'><strong>miror</strong></span> <span class='ocrx_word' id='word_1_34' title='bbox 1035 770 1065 807; x_wconf 86' lang='lat' dir='ltr'><strong>si</strong></span> <span class='ocrx_word' id='word_1_35' title='bbox 1079 774 1114 807; x_wconf 88' lang='lat' dir='ltr'><strong>te</strong></span> <span class='ocrx_word' id='word_1_36' title='bbox 1127 769 1195 807; x_wconf 90' lang='lat' dir='ltr'><strong>sibi</strong></span> <span class='ocrx_word' id='word_1_37' title='bbox 1208 767 1365 818; x_wconf 55' lang='lat' dir='ltr'><strong>quisque</strong></span> <span class='ocrx_word' id='word_1_38' title='bbox 1377 765 1528 816; x_wconf 77' lang='lat' dir='ltr'><strong>expetit.</strong></span> 
     </span>
     <span class='ocr_line' id='line_1_8' title="bbox 295 825 1411 876; baseline -0.001 -13"><span class='ocrx_word' id='word_1_39' title='bbox 295 828 387 864; x_wconf 90' lang='lat' dir='ltr'><strong>Nam</strong></span> <span class='ocrx_word' id='word_1_40' title='bbox 408 826 499 864; x_wconf 89' lang='lat' dir='ltr'><strong>mihi</strong></span> <span class='ocrx_word' id='word_1_41' title='bbox 517 827 627 876; x_wconf 86' lang='lat' dir='ltr'><strong>quale</strong></span> <span class='ocrx_word' id='word_1_42' title='bbox 645 828 834 875; x_wconf 85' lang='lat' dir='ltr'><strong>ingenium</strong></span> <span class='ocrx_word' id='word_1_43' title='bbox 850 828 1021 875; x_wconf 86' lang='lat' dir='ltr'><strong>haberes,</strong></span> <span class='ocrx_word' id='word_1_44' title='bbox 1037 828 1107 866; x_wconf 85' lang='lat' dir='ltr'><strong>suit</strong></span> <span class='ocrx_word' id='word_1_45' title='bbox 1124 827 1260 866; x_wconf 87' lang='lat' dir='ltr'><strong>indicio</strong></span> <span class='ocrx_word' id='word_1_46' title='bbox 1280 825 1411 864; x_wconf 86' lang='lat' dir='ltr'><strong>oratio.</strong></span> 
     </span>
     <span class='ocr_line' id='line_1_9' title="bbox 297 884 1529 934; baseline 0 -12"><span class='ocrx_word' id='word_1_47' title='bbox 297 887 339 922; x_wconf 85' lang='lat' dir='ltr'><strong>Et</strong></span> <span class='ocrx_word' id='word_1_48' title='bbox 349 896 463 933; x_wconf 92' lang='lat' dir='ltr'><strong>quum</strong></span> <span class='ocrx_word' id='word_1_49' title='bbox 475 890 623 934; x_wconf 85' lang='lat' dir='ltr'><strong>egomet</strong></span> <span class='ocrx_word' id='word_1_50' title='bbox 639 897 735 924; x_wconf 86' lang='lat' dir='ltr'><strong>nunc</strong></span> <span class='ocrx_word' id='word_1_51' title='bbox 746 895 893 925; x_wconf 88' lang='lat' dir='ltr'><strong>mecum</strong></span> <span class='ocrx_word' id='word_1_52' title='bbox 902 887 939 924; x_wconf 91' lang='lat' dir='ltr'><strong>in</strong></span> <span class='ocrx_word' id='word_1_53' title='bbox 949 887 1074 925; x_wconf 90' lang='lat' dir='ltr'><strong>animo</strong></span> <span class='ocrx_word' id='word_1_54' title='bbox 1085 886 1198 924; x_wconf 83' lang='lat' dir='ltr'><strong>vitam</strong></span> <span class='ocrx_word' id='word_1_55' title='bbox 1212 891 1312 923; x_wconf 88' lang='lat' dir='ltr'><strong>tuam</strong></span> <span class='ocrx_word' id='word_1_56' title='bbox 1322 884 1529 927; x_wconf 81' lang='lat' dir='ltr'><strong>considero.</strong></span> 
     </span>
     <span class='ocr_line' id='line_1_10' title="bbox 297 943 1499 995; baseline 0 -14"><span class='ocrx_word' id='word_1_57' title='bbox 297 943 544 993; x_wconf 88' lang='lat' dir='ltr'><strong>Omniumque</strong></span> <span class='ocrx_word' id='word_1_58' title='bbox 562 945 655 983; x_wconf 89' lang='lat' dir='ltr'><strong>adeo</strong></span> <span class='ocrx_word' id='word_1_59' title='bbox 674 950 894 994; x_wconf 82' lang='lat' dir='ltr'><strong>vostrarum,</strong></span> <span class='ocrx_word' id='word_1_60' title='bbox 915 946 1044 994; x_wconf 85' lang='lat' dir='ltr'><strong>volgus</strong></span> <span class='ocrx_word' id='word_1_61' title='bbox 1059 956 1144 995; x_wconf 80' lang='lat' dir='ltr'><strong>quae</strong></span> <span class='ocrx_word' id='word_1_62' title='bbox 1159 945 1206 983; x_wconf 86' lang='lat' dir='ltr'><strong>ab</strong></span> <span class='ocrx_word' id='word_1_63' title='bbox 1226 956 1266 984; x_wconf 88' lang='lat' dir='ltr'><strong>se</strong></span> <span class='ocrx_word' id='word_1_64' title='bbox 1284 947 1499 992; x_wconf 80' lang='lat' dir='ltr'><strong>segregant3</strong></span> 
     </span>
     <span class='ocr_line' id='line_1_11' title="bbox 299 1003 1470 1052; baseline 0.001 -13"><span class='ocrx_word' id='word_1_65' title='bbox 299 1005 342 1040; x_wconf 90' lang='lat' dir='ltr'><strong>Et</strong></span> <span class='ocrx_word' id='word_1_66' title='bbox 358 1013 422 1041; x_wconf 89' lang='lat' dir='ltr'><strong>vos</strong></span> <span class='ocrx_word' id='word_1_67' title='bbox 441 1014 522 1041; x_wconf 88' lang='lat' dir='ltr'><strong>esse</strong></span> <span class='ocrx_word' id='word_1_68' title='bbox 540 1003 765 1052; x_wconf 84' lang='lat' dir='ltr'><strong>istiusmodi,</strong></span> <span class='ocrx_word' id='word_1_69' title='bbox 783 1009 821 1042; x_wconf 85' lang='lat' dir='ltr'><strong>et</strong></span> <span class='ocrx_word' id='word_1_70' title='bbox 835 1016 905 1043; x_wconf 89' lang='lat' dir='ltr'><strong>nos</strong></span> <span class='ocrx_word' id='word_1_71' title='bbox 924 1015 998 1043; x_wconf 91' lang='lat' dir='ltr'><strong>non</strong></span> <span class='ocrx_word' id='word_1_72' title='bbox 1015 1015 1110 1051; x_wconf 86' lang='lat' dir='ltr'><strong>esse,</strong></span> <span class='ocrx_word' id='word_1_73' title='bbox 1126 1004 1226 1042; x_wconf 83' lang='lat' dir='ltr'><strong>haud</strong></span> <span class='ocrx_word' id='word_1_74' title='bbox 1241 1003 1470 1042; x_wconf 83' lang='lat' dir='ltr'><strong>mirabilest:</strong></span> 
     </span>
     <span class='ocr_line' id='line_1_12' title="bbox 299 1062 1532 1112; baseline 0 -13"><span class='ocrx_word' id='word_1_75' title='bbox 299 1064 388 1099; x_wconf 89' lang='lat' dir='ltr'><strong>Nam</strong></span> <span class='ocrx_word' id='word_1_76' title='bbox 405 1062 555 1111; x_wconf 86' lang='lat' dir='ltr'><strong>expedit</strong></span> <span class='ocrx_word' id='word_1_77' title='bbox 575 1062 691 1101; x_wconf 90' lang='lat' dir='ltr'><strong>bonas</strong></span> <span class='ocrx_word' id='word_1_78' title='bbox 706 1074 787 1101; x_wconf 90' lang='lat' dir='ltr'><strong>esse</strong></span> <span class='ocrx_word' id='word_1_79' title='bbox 803 1063 924 1111; x_wconf 89' lang='lat' dir='ltr'><strong>vohis;</strong></span> <span class='ocrx_word' id='word_1_80' title='bbox 945 1075 1026 1106; x_wconf 82' lang='lat' dir='ltr'><strong>nos,</strong></span> <span class='ocrx_word' id='word_1_81' title='bbox 1047 1062 1266 1112; x_wconf 82' lang='lat' dir='ltr'><strong>quibuscum</strong></span> <span class='ocrx_word' id='word_1_82' title='bbox 1286 1066 1344 1101; x_wconf 86' lang='lat' dir='ltr'><strong>est</strong></span> <span class='ocrx_word' id='word_1_83' title='bbox 1367 1072 1442 1110; x_wconf 83' lang='lat' dir='ltr'><strong>res,</strong></span> <span class='ocrx_word' id='word_1_84' title='bbox 1456 1071 1532 1099; x_wconf 87' lang='lat' dir='ltr'><strong>non</strong></span> 
     </span>
     <span class='ocr_line' id='line_1_13' title="bbox 345 1121 501 1160; baseline 0.013 -2"><span class='ocrx_word' id='word_1_85' title='bbox 345 1121 469 1159; x_wconf 88' lang='lat' dir='ltr'><strong>sinunt</strong></span> <span class='ocrx_word' id='word_1_86' title='bbox 491 1134 501 1160; x_wconf 91' lang='lat'>:</span> 
     </span>
     <span class='ocr_line' id='line_1_14' title="bbox 293 1179 1333 1233; baseline 0.002 -15"><span class='ocrx_word' id='word_1_87' title='bbox 293 1179 440 1233; x_wconf 66' lang='lat' dir='ltr'><strong>⁸Quippe</strong></span> <span class='ocrx_word' id='word_1_88' title='bbox 455 1181 576 1218; x_wconf 82' lang='lat' dir='ltr'><strong>forma</strong></span> <span class='ocrx_word' id='word_1_89' title='bbox 591 1181 738 1231; x_wconf 91' lang='lat' dir='ltr'><strong>impulsi</strong></span> <span class='ocrx_word' id='word_1_90' title='bbox 756 1186 882 1220; x_wconf 87' lang='lat' dir='ltr'><strong>nostra</strong></span> <span class='ocrx_word' id='word_1_91' title='bbox 896 1193 963 1220; x_wconf 91' lang='lat' dir='ltr'><strong>nos</strong></span> <span class='ocrx_word' id='word_1_92' title='bbox 981 1187 1166 1220; x_wconf 83' lang='lat' dir='ltr'><strong>amatores</strong></span> <span class='ocrx_word' id='word_1_93' title='bbox 1179 1181 1308 1220; x_wconf 88' lang='lat' dir='ltr'><strong>colunt</strong></span> <span class='ocrx_word' id='word_1_94' title='bbox 1323 1194 1333 1220; x_wconf 72' lang='grc' dir='ltr'><strong><em>ε</em></strong></span> 
     </span>
     <span class='ocr_line' id='line_1_15' title="bbox 299 1236 1460 1286; baseline 0 -10"><span class='ocrx_word' id='word_1_95' title='bbox 299 1242 380 1277; x_wconf 80' lang='lat' dir='ltr'><strong>Haec</strong></span> <span class='ocrx_word' id='word_1_96' title='bbox 401 1239 461 1277; x_wconf 88' lang='lat' dir='ltr'><strong>ubi</strong></span> <span class='ocrx_word' id='word_1_97' title='bbox 482 1239 662 1278; x_wconf 83' lang='lat' dir='ltr'><strong>inminuta</strong></span> <span class='ocrx_word' id='word_1_98' title='bbox 678 1246 746 1282; x_wconf 83' lang='lat' dir='ltr'><strong>est,</strong></span> <span class='ocrx_word' id='word_1_99' title='bbox 770 1240 824 1278; x_wconf 86' lang='lat' dir='ltr'><strong>illi</strong></span> <span class='ocrx_word' id='word_1_100' title='bbox 843 1236 951 1279; x_wconf 80' lang='lat' dir='ltr'><strong>suum&#39;</strong></span> <span class='ocrx_word' id='word_1_101' title='bbox 969 1242 1134 1278; x_wconf 89' lang='lat' dir='ltr'><strong>animum</strong></span> <span class='ocrx_word' id='word_1_102' title='bbox 1154 1241 1228 1279; x_wconf 82' lang='lat' dir='ltr'><strong>alio</strong></span> <span class='ocrx_word' id='word_1_103' title='bbox 1244 1240 1460 1286; x_wconf 80' lang='lat' dir='ltr'><strong>conferunt3</strong></span> 
     </span>
     <span class='ocr_line' id='line_1_16' title="bbox 300 1299 1450 1350; baseline -0.003 -12"><span class='ocrx_word' id='word_1_104' title='bbox 300 1299 374 1338; x_wconf 90' lang='lat' dir='ltr'><strong>Nisi</strong></span> <span class='ocrx_word' id='word_1_105' title='bbox 398 1299 429 1338; x_wconf 88' lang='lat' dir='ltr'><strong>si</strong></span> <span class='ocrx_word' id='word_1_106' title='bbox 447 1304 684 1348; x_wconf 87' lang='lat' dir='ltr'><strong>prospectum</strong></span> <span class='ocrx_word' id='word_1_107' title='bbox 706 1301 849 1339; x_wconf 85' lang='lat' dir='ltr'><strong>interea</strong></span> <span class='ocrx_word' id='word_1_108' title='bbox 867 1300 1006 1350; x_wconf 78' lang='lat' dir='ltr'><strong>aliquid</strong></span> <span class='ocrx_word' id='word_1_109' title='bbox 1024 1305 1094 1348; x_wconf 88' lang='lat' dir='ltr'><strong>est,</strong></span> <span class='ocrx_word' id='word_1_110' title='bbox 1108 1301 1264 1339; x_wconf 64' lang='lat' dir='ltr'><strong>desertae</strong></span> <span class='ocrx_word' id='word_1_111' title='bbox 1281 1299 1450 1338; x_wconf 81' lang='lat' dir='ltr'><strong>vivimus.</strong></span> 
     </span>
     <span class='ocr_line' id='line_1_17' title="bbox 301 1358 1473 1411; baseline 0.001 -16"><span class='ocrx_word' id='word_1_112' title='bbox 301 1358 414 1401; x_wconf 67' lang='lat' dir='ltr'><strong>Vobis,</strong></span> <span class='ocrx_word' id='word_1_113' title='bbox 427 1369 512 1396; x_wconf 89' lang='lat' dir='ltr'><strong>cum</strong></span> <span class='ocrx_word' id='word_1_114' title='bbox 535 1370 608 1397; x_wconf 91' lang='lat' dir='ltr'><strong>uno</strong></span> <span class='ocrx_word' id='word_1_115' title='bbox 629 1359 745 1397; x_wconf 89' lang='lat' dir='ltr'><strong>semel</strong></span> <span class='ocrx_word' id='word_1_116' title='bbox 761 1359 823 1397; x_wconf 90' lang='lat' dir='ltr'><strong>ubi</strong></span> <span class='ocrx_word' id='word_1_117' title='bbox 839 1364 985 1398; x_wconf 83' lang='lat' dir='ltr'><strong>aetatem</strong></span> <span class='ocrx_word' id='word_1_118' title='bbox 1003 1371 1113 1411; x_wconf 87' lang='lat' dir='ltr'><strong>agere</strong></span> <span class='ocrx_word' id='word_1_119' title='bbox 1133 1360 1362 1398; x_wconf 81' lang='lat' dir='ltr'><strong>decretumst</strong></span> <span class='ocrx_word' id='word_1_120' title='bbox 1374 1359 1473 1406; x_wconf 82' lang='lat' dir='ltr'><strong>viro,</strong></span> 
     </span>
     <span class='ocr_line' id='line_1_18' title="bbox 300 1415 1534 1465; baseline 0.001 -12"><span class='ocrx_word' id='word_1_121' title='bbox 300 1416 412 1465; x_wconf 89' lang='lat' dir='ltr'><strong>Cujus</strong></span> <span class='ocrx_word' id='word_1_122' title='bbox 433 1427 513 1454; x_wconf 89' lang='lat' dir='ltr'><strong>mos</strong></span> <span class='ocrx_word' id='word_1_123' title='bbox 537 1422 744 1456; x_wconf 87' lang='lat' dir='ltr'><strong>maxumest</strong></span> <span class='ocrx_word' id='word_1_124' title='bbox 760 1417 963 1456; x_wconf 81' lang='lat' dir='ltr'><strong>consimilis</strong></span> <span class='ocrx_word' id='word_1_125' title='bbox 980 1422 1164 1465; x_wconf 82' lang='lat' dir='ltr'><strong>vostrum,</strong></span> <span class='ocrx_word' id='word_1_126' title='bbox 1179 1418 1220 1456; x_wconf 89' lang='lat' dir='ltr'><strong>hi</strong></span> <span class='ocrx_word' id='word_1_127' title='bbox 1237 1429 1277 1456; x_wconf 86' lang='lat' dir='ltr'><strong>se</strong></span> <span class='ocrx_word' id='word_1_128' title='bbox 1300 1417 1349 1456; x_wconf 86' lang='lat' dir='ltr'><strong>ad</strong></span> <span class='ocrx_word' id='word_1_129' title='bbox 1373 1428 1438 1455; x_wconf 89' lang='lat' dir='ltr'><strong>vos</strong></span> <span class='ocrx_word' id='word_1_130' title='bbox 1463 1415 1534 1454; x_wconf 89' lang='lat' dir='ltr'><strong>ad-</strong></span> 
     </span>
     <span class='ocr_line' id='line_1_19' title="bbox 349 1475 1317 1525; baseline 0.001 -13"><span class='ocrx_word' id='word_1_131' title='bbox 349 1475 499 1524; x_wconf 86' lang='lat' dir='ltr'><strong>plicant.</strong></span> <span class='ocrx_word' id='word_1_132' title='bbox 1311 1521 1317 1525; x_wconf 34' lang='grc' dir='ltr'>Ι</span> 
     </span>
     <span class='ocr_line' id='line_1_20' title="bbox 253 1535 1378 1586; baseline 0.001 -13"><span class='ocrx_word' id='word_1_133' title='bbox 253 1555 256 1558; x_wconf 86' lang='grc'><em>·</em></span> <span class='ocrx_word' id='word_1_134' title='bbox 302 1539 373 1574; x_wconf 85' lang='lat' dir='ltr'><strong>Hoc</strong></span> <span class='ocrx_word' id='word_1_135' title='bbox 394 1535 575 1574; x_wconf 87' lang='lat' dir='ltr'><strong>beneficio</strong></span> <span class='ocrx_word' id='word_1_136' title='bbox 597 1536 746 1585; x_wconf 85' lang='lat' dir='ltr'><strong>utrique</strong></span> <span class='ocrx_word' id='word_1_137' title='bbox 767 1537 812 1575; x_wconf 91' lang='lat' dir='ltr'><strong>ab</strong></span> <span class='ocrx_word' id='word_1_138' title='bbox 832 1537 1000 1586; x_wconf 86' lang='lat' dir='ltr'><strong>utrisque</strong></span> <span class='ocrx_word' id='word_1_139' title='bbox 1018 1548 1106 1576; x_wconf 88' lang='lat' dir='ltr'><strong>vero</strong></span> <span class='ocrx_word' id='word_1_140' title='bbox 1121 1535 1378 1583; x_wconf 86' lang='lat' dir='ltr'><strong>devincimini;</strong></span> 
     </span>
     <span class='ocr_line' id='line_1_21' title="bbox 302 1595 1450 1647; baseline 0 -14"><span class='ocrx_word' id='word_1_141' title='bbox 302 1597 345 1633; x_wconf 87' lang='lat' dir='ltr'><strong>Ut</strong></span> <span class='ocrx_word' id='word_1_142' title='bbox 362 1606 550 1645; x_wconf 86' lang='lat' dir='ltr'><strong>nunquam</strong></span> <span class='ocrx_word' id='word_1_143' title='bbox 567 1595 644 1634; x_wconf 85' lang='lat' dir='ltr'><strong>ulla</strong></span> <span class='ocrx_word' id='word_1_144' title='bbox 662 1597 782 1637; x_wconf 81' lang='lat' dir='ltr'><strong>amori</strong></span> <span class='ocrx_word' id='word_1_145' title='bbox 798 1601 920 1635; x_wconf 86' lang='lat' dir='ltr'><strong>vestra</strong></span> <span class='ocrx_word' id='word_1_146' title='bbox 934 1596 1099 1635; x_wconf 85' lang='lat' dir='ltr'><strong>incidere</strong></span> <span class='ocrx_word' id='word_1_147' title='bbox 1115 1595 1235 1647; x_wconf 79' lang='lat' dir='ltr'><strong>possit</strong></span> <span class='ocrx_word' id='word_1_148' title='bbox 1245 1595 1450 1634; x_wconf 79' lang='lat' dir='ltr'><strong>calamitas.</strong></span> 
     </span>
    </p>
   </div>
   <div class='ocr_carea' id='block_1_4' title="bbox 294 1787 1534 2357">
    <p class='ocr_par' dir='ltr' id='par_1_4' title="bbox 811 1787 1024 1815">
     <span class='ocr_line' id='line_1_22' title="bbox 811 1787 1024 1815; baseline -0.005 -1"><span class='ocrx_word' id='word_1_149' title='bbox 811 1787 1024 1815; x_wconf 71' lang='lat' dir='ltr'><strong>AN‘ru’mLA.</strong></span> 
     </span>
    </p>

    <p class='ocr_par' dir='ltr' id='par_1_5' title="bbox 301 1833 1382 1884">
     <span class='ocr_line' id='line_1_23' title="bbox 301 1833 1382 1884; baseline 0.001 -13"><span class='ocrx_word' id='word_1_150' title='bbox 301 1834 431 1873; x_wconf 86' lang='lat' dir='ltr'><strong>Nescio</strong></span> <span class='ocrx_word' id='word_1_151' title='bbox 450 1834 569 1874; x_wconf 83' lang='lat' dir='ltr'><strong>alias:</strong></span> <span class='ocrx_word' id='word_1_152' title='bbox 592 1845 652 1874; x_wconf 89' lang='lat' dir='ltr'><strong>me</strong></span> <span class='ocrx_word' id='word_1_153' title='bbox 667 1834 820 1884; x_wconf 88' lang='lat' dir='ltr'><strong>quidem</strong></span> <span class='ocrx_word' id='word_1_154' title='bbox 840 1847 989 1884; x_wconf 83' lang='lat' dir='ltr'><strong>semper</strong></span> <span class='ocrx_word' id='word_1_155' title='bbox 1003 1834 1079 1874; x_wconf 84' lang='lat' dir='ltr'><strong>scio</strong></span> <span class='ocrx_word' id='word_1_156' title='bbox 1094 1834 1226 1874; x_wconf 80' lang='lat' dir='ltr'><strong>secisse</strong></span> <span class='ocrx_word' id='word_1_157' title='bbox 1238 1833 1382 1877; x_wconf 85' lang='lat' dir='ltr'><strong>sedulo,</strong></span> 
     </span>
    </p>

    <p class='ocr_par' dir='ltr' id='par_1_6' title="bbox 301 1892 1413 1944">
     <span class='ocr_line' id='line_1_24' title="bbox 301 1892 1413 1944; baseline -0.001 -14"><span class='ocrx_word' id='word_1_158' title='bbox 301 1894 344 1931; x_wconf 87' lang='lat' dir='ltr'><strong>Ut</strong></span> <span class='ocrx_word' id='word_1_159' title='bbox 360 1904 402 1931; x_wconf 85' lang='lat' dir='ltr'><strong>ex</strong></span> <span class='ocrx_word' id='word_1_160' title='bbox 423 1893 524 1932; x_wconf 86' lang='lat' dir='ltr'><strong>illius</strong></span> <span class='ocrx_word' id='word_1_161' title='bbox 539 1893 735 1933; x_wconf 86' lang='lat' dir='ltr'><strong>commodo</strong></span> <span class='ocrx_word' id='word_1_162' title='bbox 749 1905 876 1933; x_wconf 87' lang='lat' dir='ltr'><strong>meum</strong></span> <span class='ocrx_word' id='word_1_163' title='bbox 893 1905 1149 1944; x_wconf 85' lang='lat' dir='ltr'><strong>compararem</strong></span> <span class='ocrx_word' id='word_1_164' title='bbox 1164 1892 1413 1933; x_wconf 84' lang='lat' dir='ltr'><strong>commodum.</strong></span> 
     </span>
    </p>

    <p class='ocr_par' dir='ltr' id='par_1_7' title="bbox 849 1965 1375 1993">
     <span class='ocr_line' id='line_1_25' title="bbox 849 1965 1375 1993; baseline 0 -1"><span class='ocrx_word' id='word_1_165' title='bbox 849 1965 984 1993; x_wconf 61' lang='lat' dir='ltr'><strong>namu.</strong></span> <span class='ocrx_word' id='word_1_166' title='bbox 1370 1981 1375 1984; x_wconf 90' lang='lat'>-</span> 
     </span>
    </p>

    <p class='ocr_par' dir='ltr' id='par_1_8' title="bbox 1436 2009 1508 2056">
     <span class='ocr_line' id='line_1_26' title="bbox 1436 2009 1508 2056; baseline 0 -9"><span class='ocrx_word' id='word_1_167' title='bbox 1436 2009 1508 2056; x_wconf 79' lang='lat' dir='ltr'><strong>Ah,</strong></span> 
     </span>
    </p>

    <p class='ocr_par' dir='ltr' id='par_1_9' title="bbox 297 2069 1534 2169">
     <span class='ocr_line' id='line_1_27' title="bbox 297 2069 1534 2121; baseline -0.002 -13"><span class='ocrx_word' id='word_1_168' title='bbox 297 2073 404 2119; x_wconf 81' lang='lat' dir='ltr'><strong>Ergo,</strong></span> <span class='ocrx_word' id='word_1_169' title='bbox 430 2082 512 2109; x_wconf 89' lang='lat' dir='ltr'><strong>mea</strong></span> <span class='ocrx_word' id='word_1_170' title='bbox 535 2071 736 2121; x_wconf 80' lang='lat' dir='ltr'><strong>Antiphila,</strong></span> <span class='ocrx_word' id='word_1_171' title='bbox 753 2076 793 2111; x_wconf 89' lang='lat' dir='ltr'><strong>tu</strong></span> <span class='ocrx_word' id='word_1_172' title='bbox 813 2083 913 2111; x_wconf 77' lang='lat' dir='ltr'><strong>nunc</strong></span> <span class='ocrx_word' id='word_1_173' title='bbox 929 2071 1009 2111; x_wconf 86' lang='lat' dir='ltr'><strong>sola</strong></span> <span class='ocrx_word' id='word_1_174' title='bbox 1028 2071 1204 2110; x_wconf 82' lang='lat' dir='ltr'><strong>reducem</strong></span> <span class='ocrx_word' id='word_1_175' title='bbox 1226 2081 1287 2108; x_wconf 86' lang='lat' dir='ltr'><strong>me</strong></span> <span class='ocrx_word' id='word_1_176' title='bbox 1310 2070 1348 2108; x_wconf 91' lang='lat' dir='ltr'><strong>in</strong></span> <span class='ocrx_word' id='word_1_177' title='bbox 1374 2069 1534 2118; x_wconf 80' lang='lat' dir='ltr'><strong>patriam</strong></span> 
     </span>
     <span class='ocr_line' id='line_1_28' title="bbox 345 2130 462 2169; baseline 0.009 -1"><span class='ocrx_word' id='word_1_178' title='bbox 345 2130 433 2168; x_wconf 78' lang='lat' dir='ltr'><strong>sacis</strong></span> <span class='ocrx_word' id='word_1_179' title='bbox 453 2144 462 2169; x_wconf 75' lang='grc' dir='ltr'><strong><em>ε</em></strong></span> 
     </span>
    </p>

    <p class='ocr_par' dir='ltr' id='par_1_10' title="bbox 294 2188 1534 2298">
     <span class='ocr_line' id='line_1_29' title="bbox 294 2188 1534 2239; baseline -0.002 -11"><span class='ocrx_word' id='word_1_180' title='bbox 294 2191 387 2228; x_wconf 88' lang='lat' dir='ltr'><strong>Nam</strong></span> <span class='ocrx_word' id='word_1_181' title='bbox 406 2190 494 2227; x_wconf 91' lang='lat' dir='ltr'><strong>dum</strong></span> <span class='ocrx_word' id='word_1_182' title='bbox 521 2191 586 2228; x_wconf 90' lang='lat' dir='ltr'><strong>abs</strong></span> <span class='ocrx_word' id='word_1_183' title='bbox 613 2195 649 2228; x_wconf 82' lang='lat' dir='ltr'><strong>te</strong></span> <span class='ocrx_word' id='word_1_184' title='bbox 676 2190 824 2239; x_wconf 90' lang='lat' dir='ltr'><strong>absum,</strong></span> <span class='ocrx_word' id='word_1_185' title='bbox 843 2200 973 2229; x_wconf 86' lang='lat' dir='ltr'><strong>omnes</strong></span> <span class='ocrx_word' id='word_1_186' title='bbox 1002 2188 1094 2228; x_wconf 88' lang='lat' dir='ltr'><strong>mihi</strong></span> <span class='ocrx_word' id='word_1_187' title='bbox 1120 2189 1266 2228; x_wconf 66' lang='lat' dir='ltr'><strong>laborae</strong></span> <span class='ocrx_word' id='word_1_188' title='bbox 1292 2188 1408 2232; x_wconf 75' lang='lat' dir='ltr'><strong>fuere,</strong></span> <span class='ocrx_word' id='word_1_189' title='bbox 1438 2197 1534 2237; x_wconf 75' lang='lat' dir='ltr'><strong>quos</strong></span> 
     </span>
     <span class='ocr_line' id='line_1_30' title="bbox 343 2248 571 2298; baseline -0.013 -10"><span class='ocrx_word' id='word_1_190' title='bbox 343 2248 439 2298; x_wconf 76' lang='lat' dir='ltr'><strong>cepi,</strong></span> <span class='ocrx_word' id='word_1_191' title='bbox 459 2248 571 2296; x_wconf 88' lang='lat' dir='ltr'><strong>leves,</strong></span> 
     </span>
    </p>

    <p class='ocr_par' dir='ltr' id='par_1_11' title="bbox 295 2307 1061 2357">
     <span class='ocr_line' id='line_1_31' title="bbox 295 2307 1061 2357; baseline 0 -11"><span class='ocrx_word' id='word_1_192' title='bbox 295 2310 542 2356; x_wconf 73' lang='lat' dir='ltr'><strong>Praeterquam</strong></span> <span class='ocrx_word' id='word_1_193' title='bbox 565 2307 617 2345; x_wconf 86' lang='lat' dir='ltr'><strong>tui</strong></span> <span class='ocrx_word' id='word_1_194' title='bbox 634 2307 835 2346; x_wconf 88' lang='lat' dir='ltr'><strong>carendum</strong></span> <span class='ocrx_word' id='word_1_195' title='bbox 851 2307 951 2357; x_wconf 88' lang='lat' dir='ltr'><strong>quod</strong></span> <span class='ocrx_word' id='word_1_196' title='bbox 967 2310 1061 2346; x_wconf 85' lang='lat' dir='ltr'><strong>erat.</strong></span> 
     </span>
    </p>
   </div>
  </div>
 </body>
</html>
