1586 2658
227 249 274 284 56
742 250 951 287 ANDRIA.

791 341 925 369 nAvuS.

508 390 583 427 Cur
599 391 700 428 non?

733 459 953 487 nummus.

711 512 923 558 Numquam
942 508 1089 548 faciam.

778 579 910 607 navus.

1098 628 1150 665 Ne
1162 636 1270 675 nega.

730 696 952 724 nummus,

220 742 383 782 suadere
400 742 492 784 noli.

775 814 908 842 navus.

505 863 556 899 Ex
575 871 620 899 ea
638 871 680 900 re
698 861 789 911 quid
805 863 890 909 fiat,
910 861 1008 901 vide.

727 932 946 959 nummus.

219 976 265 1013 Ut
279 974 326 1013 ab
345 975 411 1014 illa
431 975 628 1024 excludar,
647 976 718 1014 huc
733 976 947 1015 concludar.

766 1046 903 1074 navus.

955 1096 1034 1132 Non
1050 1093 1149 1132 itast.

219 1153 361 1201 Nempe
372 1151 445 1191 hoc
463 1152 516 1192 sic
535 1163 618 1192 esse
637 1153 772 1203 opinor
793 1167 803 1192 :
824 1153 1012 1192 dicturum
1027 1158 1172 1201 patrem
1184 1181 1197 1200 ‚

219 1214 336 1251 Ducas
355 1213 436 1252 volo
456 1213 570 1253 hodie
590 1225 743 1253 uxorem
762 1229 771 1253 ε
787 1219 848 1262 tu,
865 1216 1019 1262 ducam,
1039 1213 1195 1262 inquies.

219 1272 318 1310 Cedo
336 1273 427 1322 quid
440 1273 607 1322 jurgabit
625 1276 776 1312 tecum?
792 1275 854 1312 Hic
873 1274 1173 1328 reddes-omnia,

218 1333 307 1376 Quae
323 1343 421 1370 nunc
438 1337 524 1371 sunt
542 1338 644 1371 ceria
659 1333 693 1370 ei
711 1332 866 1371 consiiia
877 1363 890 1381 ,
904 1333 1044 1371 incerta
1060 1337 1101 1371 ut
1119 1333 1234 1379 sient,

219 1390 305 1428 Sine
325 1391 427 1429 omni
448 1390 589 1440 periclo
614 1405 624 1430 ε
642 1402 728 1429 nam
752 1391 866 1430 hocce
890 1391 989 1430 haud
1009 1391 1220 1435 dubiumst,
1240 1391 1330 1440 quin
1346 1392 1457 1430 Chre-

265 1460 344 1488 mes
812 1467 818 1471 ·

219 1508 300 1546 Tibi
319 1519 394 1546 non
410 1508 475 1547 det
490 1513 651 1558 gnatam.
667 1511 743 1547 Nec
756 1513 795 1547 tu
815 1520 859 1548 ea
871 1520 983 1547 causa
1002 1509 1182 1547 minueris

220 1569 304 1606 Haec
321 1578 404 1616 quae
423 1567 515 1606 facis
526 1597 538 1615 ,
555 1579 602 1606 ne
622 1568 654 1606 is
674 1572 794 1607 mutet
811 1579 916 1606 suam
934 1566 1168 1606 sententiam.

217 1626 318 1664 Patri
330 1626 391 1665 dic
407 1627 504 1665 velle
525 1640 535 1665 ε
556 1631 617 1674 ut,
632 1638 747 1676 quum
761 1627 871 1670 velit,
885 1626 952 1664 tibi
969 1627 1054 1674 jure
1075 1625 1178 1664 irasci
1194 1637 1269 1664 non
1281 1631 1407 1674 queat.

215 1687 309 1723 Nam
328 1686 430 1734 quod
448 1691 488 1724 tu
504 1697 631 1736 speres
641 1715 654 1733 ,
668 1686 897 1735 propulsabo
913 1685 1033 1724 facile.
1050 1687 1208 1724 Uxorem
1220 1685 1278 1723 his
1294 1686 1456 1724 moribus

217 1747 324 1785 Dabit
351 1758 462 1787 nemo
472 1762 484 1797 ;
517 1748 679 1788 inveniet
710 1748 861 1797 inopem
887 1746 1011 1797 potius
1023 1776 1034 1794 ,
1063 1757 1176 1796 quam
1201 1751 1238 1785 te
1266 1757 1454 1796 corrumpi

265 1805 375 1844 sinat.

215 1864 288 1902 Sed
307 1864 338 1902 si
354 1868 391 1903 te
409 1875 516 1914 aequo
535 1865 660 1904 animo
680 1865 779 1903 ferre
791 1863 967 1914 accipiet,
983 1865 1230 1913 negligentem
1250 1864 1384 1903 feceris
1405 1877 1418 1903 ε

215 1921 335 1960 Aliam
350 1923 493 1962 otiosus
508 1927 675 1973 quaeret:
696 1923 840 1962 interea
857 1923 999 1972 aliquid
1015 1922 1190 1965 acciderit
1207 1922 1308 1962 bom.

723 2052 943 2080 Paurmms.

214 2099 292 2136 ltan
312 2097 460 2137 credis?

765 2170 898 2197 nnus.
929 2180 931 2182 -

402 2215 507 2253 Haud
525 2215 678 2254 dubium
697 2217 734 2254 id
749 2217 951 2268 quidemst.

249 2308 277 2336 ¹.
292 2307 381 2341 Dave,
396 2316 433 2336 eu
450 2308 617 2337 conscilium
629 2318 667 2337 uu
680 2318 845 2345 mensonge,
858 2310 993 2342 demente
1003 2309 1075 2337 dans
1085 2317 1137 2337 son
1149 2309 1304 2341 caractere,
1321 2311 1352 2337 et
1366 2310 1451 2336 Pam-

214 2348 290 2387 phile
304 2348 376 2378 dans
387 2350 417 2378 lo
432 2349 504 2383 sien.
517 2357 553 2377 en
564 2350 687 2388 rejetant
699 2359 732 2379 ce
744 2351 860 2380 conseil.
877 2351 901 2379 11
913 2351 997 2379 {inin
1015 2359 1069 2387 pu·
1081 2351 1177 2384 oeder,
1188 2350 1258 2378 mais
1268 2350 1286 2378 ἰ
1297 2357 1348 2378 sou
1366 2356 1452 2386 oon-po
