1624 2632
301 195 371 231 ⁶246
808 203 1027 243 HECYRA.

302 276 367 327 Cui
386 282 424 316 tu
445 279 655 330 obsecutus,
674 282 762 322 racis
781 283 868 323 huic
884 285 977 324 adeo
994 286 1184 334 injuriam.

303 337 391 432 Νξιᾶη
411 338 445 374 in
465 340 635 379 eamdem
656 341 767 380 vitam
789 347 824 381 te
845 344 1053 383 revolutum
1074 346 1197 385 denuo

305 396 344 431 vi
373 406 417 433 eo
436 407 528 436 esse.

804 473 1025 501 nummus.

538 519 665 556 Mene?
921 568 924 573 ἱ

844 575 994 619 menes.

694 639 743 675 Te
763 637 883 686 ipsum
907 652 916 676 ε
939 644 976 677 et
993 639 1081 678 facis
1098 639 1288 689 injuriam.

301 689 483 739 confingis
499 691 608 731 falsas
625 705 754 733 causas
770 696 814 733 ud
835 696 1070 741 discordiam,

302 750 344 784 Ut
362 759 444 786 cum
462 750 523 788 illa
539 751 651 799 vivas,
675 758 804 792 testem
823 755 915 794 hanc
929 767 1042 805 quum
1063 757 1130 795 abs
1144 761 1178 795 te
1195 757 1389 796 amoveris.

299 807 489 857 Sensitque
506 810 598 848 adeo
616 823 707 850 uxor
728 826 737 851 :
757 824 841 851 nam
860 814 894 852 ei
911 826 1021 853 causa
1040 815 1111 853 alia
1125 827 1208 865 quae
1228 816 1310 863 fuit,

299 867 543 911 Quamobrem
564 870 628 908 abs
647 876 683 909 te
703 872 847 910 abiret?

820 943 1025 971 Pmnll’l’us.

862 991 974 1029 Plane
994 991 1052 1029 hic
1069 991 1208 1030 divinat
1226 1006 1235 1030 ε
1254 1002 1338 1030 nam
1357 991 1393 1030 id
1411 995 1481 1030 est.

800 1060 1020 1088 nummus.

297 1102 395 1141 Dabo
414 1103 686 1154 jusjurandum,
707 1106 798 1145 nihil
819 1118 898 1146 esse
918 1108 1072 1147 istorum
1091 1104 1169 1146 tibi.

837 1236 982 1264 micans.

1170 1284 1247 1323 Ah!

296 1340 420 1379 Reduc
437 1351 585 1380 uxorem
610 1355 620 1379 :
642 1348 721 1390 aut,
737 1343 982 1392 quamobrem
1001 1354 1075 1383 non
1088 1354 1182 1394 opus
1197 1343 1258 1392 sit,
1276 1343 1383 1383 cedo.

799 1395 1015 1441 aurnuns.

295 1461 374 1497 Non
388 1464 445 1496 est
463 1469 560 1497 nunc
570 1464 732 1509 vtempus.
824 1507 827 1510 Ι

837 1531 987 1559 menes.

747 1581 906 1616 Puerum
926 1577 1083 1628 accipias
1100 1591 1111 1617 z
1129 1589 1215 1616 nam
1235 1578 1266 1616 is
1283 1577 1432 1628 quidem

294 1638 330 1673 In
348 1636 457 1685 culpa
476 1647 548 1675 non
563 1639 619 1675 est
639 1650 649 1675 ε
669 1641 753 1686 post
774 1637 820 1675 de
841 1642 959 1676 matre
975 1638 1116 1676 videro.

638 1737 641 1739 ,
803 1708 1020 1735 nummus.

294 1755 471 1794 Omnibus
484 1756 604 1793 modis
622 1755 733 1793 miser
749 1766 832 1793 sum
855 1769 864 1793 ε
882 1767 961 1798 nec,
984 1755 1073 1805 quid
1089 1765 1210 1803 agam,
1224 1754 1299 1793 scio
1317 1767 1329 1793 ε

294 1817 362 1852 Tot
381 1825 441 1852 me
460 1825 556 1852 nunc
575 1815 684 1852 rebus
704 1814 878 1853 miserum
895 1813 1081 1853 concludit
1102 1818 1218 1862 pater.

295 1873 410 1911 Abibo
424 1872 523 1919 binc,
542 1883 701 1922 praesens
721 1873 870 1921 quando
887 1884 1088 1921 promoveo
1108 1883 1252 1921 parum.

295 1935 384 1970 Nam
402 1942 557 1981 puerum
578 1932 726 1980 injussu·
737 1933 848 1970 credo
870 1943 944 1971 non
962 1932 1070 1970 tollet
1087 1942 1193 1978 meo;

298 1989 501 2028 Praesertim
520 1987 559 2026 in
578 1999 623 2026 ea
641 1999 681 2026 re
700 1999 815 2037 quum
835 1988 881 2026 sit
900 1988 949 2026 mi
967 1987 1128 2037 adjutrix
1142 1997 1282 2025 socrus.

834 2058 985 2086 ments.

298 2106 435 2156 Fugis?
454 2109 557 2154 Hem,
576 2116 644 2144 nec
662 2106 860 2155 quicquam
880 2106 971 2144 certi
990 2104 1196 2154 respondes
1214 2103 1337 2141 mihi?

295 2168 389 2205 Num
409 2165 474 2204 tibi
490 2166 634 2203 videtur
653 2176 731 2203 esse
749 2165 846 2214 apud
866 2160 971 2203 sese?
990 2164 1074 2202 Sine
1094 2177 1105 2206 ;

280 2303 282 2307 '
333 2303 358 2331 1.
378 2303 457 2331 Cette
477 2301 671 2338 suppositioni,
691 2300 792 2328 fondce
813 2308 862 2328 sur
882 2299 910 2327 la
931 2298 1062 2327 conduiie
1078 2299 1179 2334 passee
1197 2297 1232 2326 dc
1256 2295 1470 2334 Pamphilae&
1486 2306 1526 2326 un
