<?xml version="1.0" encoding="UTF-8"?>
<!DOCTYPE html PUBLIC "-//W3C//DTD XHTML 1.0 Transitional//EN"
    "http://www.w3.org/TR/xhtml1/DTD/xhtml1-transitional.dtd">
<html xmlns="http://www.w3.org/1999/xhtml" xml:lang="en" lang="en">
 <head>
  <title>
</title>
<meta http-equiv="Content-Type" content="text/html;charset=utf-8" />
  <meta name='ocr-system' content='tesseract 3.04.00' />
  <meta name='ocr-capabilities' content='ocr_page ocr_carea ocr_par ocr_line ocrx_word'/>
</head>
<body>
  <div class='ocr_page' id='page_1' title='image "./comdiesdetre01tereuoft_0162.png"; bbox 0 0 1586 2658; ppageno 0'>
   <div class='ocr_carea' id='block_1_1' title="bbox 148 240 872 280">
    <p class='ocr_par' dir='ltr' id='par_1_1' title="bbox 148 240 872 280">
     <span class='ocr_line' id='line_1_1' title="bbox 148 240 872 280; baseline 0.007 -5"><span class='ocrx_word' id='word_1_1' title='bbox 148 240 218 275; x_wconf 78' lang='lat'>100</span> <span class='ocrx_word' id='word_1_2' title='bbox 661 243 872 280; x_wconf 75' lang='lat' dir='ltr'><strong>ANDRIA.</strong></span> 
     </span>
    </p>
   </div>
   <div class='ocr_carea' id='block_1_2' title="bbox 150 322 1407 1988">
    <p class='ocr_par' dir='ltr' id='par_1_2' title="bbox 150 322 1407 1988">
     <span class='ocr_line' id='line_1_2' title="bbox 150 322 1207 374; baseline 0.004 -16"><span class='ocrx_word' id='word_1_3' title='bbox 150 322 248 364; x_wconf 85' lang='lat' dir='ltr'>Eho,</span> <span class='ocrx_word' id='word_1_4' title='bbox 271 322 331 360; x_wconf 87' lang='lat' dir='ltr'>dic</span> <span class='ocrx_word' id='word_1_5' title='bbox 349 322 460 368; x_wconf 89' lang='lat' dir='ltr'>mihi,</span> <span class='ocrx_word' id='word_1_6' title='bbox 476 322 508 361; x_wconf 79' lang='lat' dir='ltr'>si</span> <span class='ocrx_word' id='word_1_7' title='bbox 523 333 652 362; x_wconf 87' lang='lat' dir='ltr'>omnes</span> <span class='ocrx_word' id='word_1_8' title='bbox 666 324 764 362; x_wconf 86' lang='lat' dir='ltr'>hunc</span> <span class='ocrx_word' id='word_1_9' title='bbox 778 325 988 372; x_wconf 80' lang='lat' dir='ltr'>conjectum</span> <span class='ocrx_word' id='word_1_10' title='bbox 1004 324 1042 362; x_wconf 89' lang='lat' dir='ltr'>in</span> <span class='ocrx_word' id='word_1_11' title='bbox 1059 323 1207 374; x_wconf 74' lang='lat' dir='ltr'>nuptias</span> 
     </span>
     <span class='ocr_line' id='line_1_3' title="bbox 150 380 1175 432; baseline 0.004 -15"><span class='ocrx_word' id='word_1_12' title='bbox 150 380 290 418; x_wconf 75' lang='lat' dir='ltr'><strong>Inimici</strong></span> <span class='ocrx_word' id='word_1_13' title='bbox 305 382 465 428; x_wconf 86' lang='lat' dir='ltr'>vellent,</span> <span class='ocrx_word' id='word_1_14' title='bbox 485 383 587 432; x_wconf 90' lang='lat' dir='ltr'>quod</span> <span class='ocrx_word' id='word_1_15' title='bbox 602 412 612 427; x_wconf 88' lang='lat'><strong><em>,</em></strong></span> <span class='ocrx_word' id='word_1_16' title='bbox 633 383 673 421; x_wconf 92' lang='lat' dir='ltr'>ni</span> <span class='ocrx_word' id='word_1_17' title='bbox 688 383 761 422; x_wconf 91' lang='lat' dir='ltr'>hoc</span> <span class='ocrx_word' id='word_1_18' title='bbox 777 383 973 422; x_wconf 73' lang='lat' dir='ltr'>consitium</span> <span class='ocrx_word' id='word_1_19' title='bbox 988 412 1000 431; x_wconf 91' lang='lat'><strong><em>,</em></strong></span> <span class='ocrx_word' id='word_1_20' title='bbox 1017 383 1175 421; x_wconf 75' lang='lat' dir='ltr'>darent?</span> 
     </span>
     <span class='ocr_line' id='line_1_4' title="bbox 700 441 833 480; baseline -0.008 0"><span class='ocrx_word' id='word_1_21' title='bbox 700 441 833 480; x_wconf 63' lang='lat' dir='ltr'>mvusss</span> 
     </span>
     <span class='ocr_line' id='line_1_5' title="bbox 150 499 856 549; baseline 0.004 -14"><span class='ocrx_word' id='word_1_22' title='bbox 150 499 332 548; x_wconf 77' lang='lat' dir='ltr'>Deceptus</span> <span class='ocrx_word' id='word_1_23' title='bbox 345 509 429 538; x_wconf 83' lang='lat' dir='ltr'>sum</span> <span class='ocrx_word' id='word_1_24' title='bbox 441 527 455 547; x_wconf 84' lang='lat'>‚</span> <span class='ocrx_word' id='word_1_25' title='bbox 475 504 515 540; x_wconf 83' lang='lat' dir='ltr'>at</span> <span class='ocrx_word' id='word_1_26' title='bbox 529 511 605 540; x_wconf 89' lang='lat' dir='ltr'>non</span> <span class='ocrx_word' id='word_1_27' title='bbox 619 501 856 549; x_wconf 77' lang='lat' dir='ltr'><strong>defetigatus.</strong></span> 
     </span>
     <span class='ocr_line' id='line_1_6' title="bbox 673 570 869 598; baseline 0.01 -2"><span class='ocrx_word' id='word_1_28' title='bbox 673 570 869 598; x_wconf 73' lang='lat' dir='ltr'><strong>CHARINUS.</strong></span> 
     </span>
     <span class='ocr_line' id='line_1_7' title="bbox 872 618 969 658; baseline 0 0"><span class='ocrx_word' id='word_1_29' title='bbox 872 618 969 658; x_wconf 90' lang='lat' dir='ltr'>Scio.</span> 
     </span>
     <span class='ocr_line' id='line_1_8' title="bbox 698 690 832 716; baseline 0 -1"><span class='ocrx_word' id='word_1_30' title='bbox 698 690 832 716; x_wconf 70' lang='lat' dir='ltr'>nnus.</span> 
     </span>
     <span class='ocr_line' id='line_1_9' title="bbox 152 734 991 784; baseline 0.004 -13"><span class='ocrx_word' id='word_1_31' title='bbox 152 735 226 772; x_wconf 88' lang='lat' dir='ltr'>Hac</span> <span class='ocrx_word' id='word_1_32' title='bbox 242 743 320 772; x_wconf 91' lang='lat' dir='ltr'>non</span> <span class='ocrx_word' id='word_1_33' title='bbox 338 734 513 774; x_wconf 86' lang='lat' dir='ltr'>successit</span> <span class='ocrx_word' id='word_1_34' title='bbox 524 764 533 779; x_wconf 92' lang='lat'>‚</span> <span class='ocrx_word' id='word_1_35' title='bbox 555 735 631 773; x_wconf 86' lang='lat' dir='ltr'>alia</span> <span class='ocrx_word' id='word_1_36' title='bbox 643 736 906 784; x_wconf 84' lang='lat' dir='ltr'>adgrediemur</span> <span class='ocrx_word' id='word_1_37' title='bbox 920 735 991 774; x_wconf 83' lang='lat' dir='ltr'>via.</span> 
     </span>
     <span class='ocr_line' id='line_1_10' title="bbox 152 790 1048 844; baseline 0.004 -15"><span class='ocrx_word' id='word_1_38' title='bbox 152 790 227 830; x_wconf 89' lang='lat' dir='ltr'>Nisi</span> <span class='ocrx_word' id='word_1_39' title='bbox 238 791 278 830; x_wconf 90' lang='lat' dir='ltr'>id</span> <span class='ocrx_word' id='word_1_40' title='bbox 296 796 403 841; x_wconf 83' lang='lat' dir='ltr'>putas</span> <span class='ocrx_word' id='word_1_41' title='bbox 417 817 431 838; x_wconf 90' lang='lat'>,-</span> <span class='ocrx_word' id='word_1_42' title='bbox 447 794 535 843; x_wconf 87' lang='lat' dir='ltr'>quia</span> <span class='ocrx_word' id='word_1_43' title='bbox 554 794 675 844; x_wconf 87' lang='lat' dir='ltr'>primo</span> <span class='ocrx_word' id='word_1_44' title='bbox 694 795 872 844; x_wconf 86' lang='lat' dir='ltr'>processit</span> <span class='ocrx_word' id='word_1_45' title='bbox 888 805 1020 844; x_wconf 86' lang='lat' dir='ltr'>parum</span> <span class='ocrx_word' id='word_1_46' title='bbox 1036 823 1048 841; x_wconf 94' lang='lat'>‚</span> 
     </span>
     <span class='ocr_line' id='line_1_11' title="bbox 151 852 1122 902; baseline 0.002 -13"><span class='ocrx_word' id='word_1_47' title='bbox 151 853 233 889; x_wconf 92' lang='lat' dir='ltr'>Non</span> <span class='ocrx_word' id='word_1_48' title='bbox 245 862 351 901; x_wconf 87' lang='lat' dir='ltr'>posse</span> <span class='ocrx_word' id='word_1_49' title='bbox 361 852 442 902; x_wconf 84' lang='lat' dir='ltr'>jam</span> <span class='ocrx_word' id='word_1_50' title='bbox 455 853 504 891; x_wconf 79' lang='lat' dir='ltr'>ad</span> <span class='ocrx_word' id='word_1_51' title='bbox 520 853 676 892; x_wconf 90' lang='lat' dir='ltr'>salutem</span> <span class='ocrx_word' id='word_1_52' title='bbox 691 854 856 892; x_wconf 86' lang='lat' dir='ltr'>converti</span> <span class='ocrx_word' id='word_1_53' title='bbox 875 853 947 892; x_wconf 92' lang='lat' dir='ltr'>hoc</span> <span class='ocrx_word' id='word_1_54' title='bbox 966 854 1122 892; x_wconf 85' lang='lat' dir='ltr'>malum.</span> 
     </span>
     <span class='ocr_line' id='line_1_12' title="bbox 663 923 883 951; baseline 0.005 -1"><span class='ocrx_word' id='word_1_55' title='bbox 663 923 883 951; x_wconf 67' lang='lat' dir='ltr'>nummus.</span> 
     </span>
     <span class='ocr_line' id='line_1_13' title="bbox 155 969 1121 1019; baseline 0.002 -13"><span class='ocrx_word' id='word_1_56' title='bbox 155 970 271 1008; x_wconf 88' lang='lat' dir='ltr'>Immo</span> <span class='ocrx_word' id='word_1_57' title='bbox 289 969 402 1008; x_wconf 82' lang='lat' dir='ltr'>etiam</span> <span class='ocrx_word' id='word_1_58' title='bbox 419 983 429 1009; x_wconf 91' lang='lat'>:</span> <span class='ocrx_word' id='word_1_59' title='bbox 447 981 535 1008; x_wconf 88' lang='lat' dir='ltr'>nam</span> <span class='ocrx_word' id='word_1_60' title='bbox 548 971 635 1009; x_wconf 86' lang='lat' dir='ltr'>satis</span> <span class='ocrx_word' id='word_1_61' title='bbox 653 971 787 1019; x_wconf 88' lang='lat' dir='ltr'>credo,</span> <span class='ocrx_word' id='word_1_62' title='bbox 801 972 833 1010; x_wconf 90' lang='lat' dir='ltr'>si</span> <span class='ocrx_word' id='word_1_63' title='bbox 845 970 1121 1019; x_wconf 83' lang='lat' dir='ltr'>advigilaveris,</span> 
     </span>
     <span class='ocr_line' id='line_1_14' title="bbox 157 1027 966 1079; baseline 0.002 -14"><span class='ocrx_word' id='word_1_64' title='bbox 157 1030 206 1065; x_wconf 68' lang='lat' dir='ltr'>Ex</span> <span class='ocrx_word' id='word_1_65' title='bbox 226 1027 308 1066; x_wconf 86' lang='lat' dir='ltr'>unis</span> <span class='ocrx_word' id='word_1_66' title='bbox 323 1028 490 1078; x_wconf 83' lang='lat' dir='ltr'>geminas</span> <span class='ocrx_word' id='word_1_67' title='bbox 503 1029 596 1067; x_wconf 88' lang='lat' dir='ltr'>mihi</span> <span class='ocrx_word' id='word_1_68' title='bbox 614 1029 786 1068; x_wconf 85' lang='lat' dir='ltr'>conficies</span> <span class='ocrx_word' id='word_1_69' title='bbox 804 1029 966 1079; x_wconf 87' lang='lat' dir='ltr'><strong>nuptias.</strong></span> 
     </span>
     <span class='ocr_line' id='line_1_15' title="bbox 711 1100 845 1127; baseline -0.007 0"><span class='ocrx_word' id='word_1_70' title='bbox 711 1100 845 1127; x_wconf 71' lang='lat' dir='ltr'>nnus.</span> 
     </span>
     <span class='ocr_line' id='line_1_16' title="bbox 158 1147 1062 1197; baseline 0.002 -14"><span class='ocrx_word' id='word_1_71' title='bbox 158 1149 251 1194; x_wconf 85' lang='lat' dir='ltr'>Ego,</span> <span class='ocrx_word' id='word_1_72' title='bbox 271 1148 462 1197; x_wconf 86' lang='lat' dir='ltr'>Pamphile</span> <span class='ocrx_word' id='word_1_73' title='bbox 476 1177 486 1194; x_wconf 91' lang='lat'>‚</span> <span class='ocrx_word' id='word_1_74' title='bbox 508 1148 578 1186; x_wconf 91' lang='lat' dir='ltr'>hoc</span> <span class='ocrx_word' id='word_1_75' title='bbox 602 1147 669 1186; x_wconf 90' lang='lat' dir='ltr'>tihi</span> <span class='ocrx_word' id='word_1_76' title='bbox 688 1159 756 1197; x_wconf 89' lang='lat' dir='ltr'>pro</span> <span class='ocrx_word' id='word_1_77' title='bbox 774 1148 924 1186; x_wconf 85' lang='lat' dir='ltr'>servitio</span> <span class='ocrx_word' id='word_1_78' title='bbox 942 1147 1062 1185; x_wconf 88' lang='lat' dir='ltr'>debeo</span> 
     </span>
     <span class='ocr_line' id='line_1_17' title="bbox 159 1205 1065 1256; baseline 0.001 -13"><span class='ocrx_word' id='word_1_79' title='bbox 159 1205 289 1244; x_wconf 68' lang='lat' dir='ltr'>Conaii</span> <span class='ocrx_word' id='word_1_80' title='bbox 303 1207 496 1254; x_wconf 85' lang='lat' dir='ltr'>manibus,</span> <span class='ocrx_word' id='word_1_81' title='bbox 515 1206 691 1256; x_wconf 86' lang='lat' dir='ltr'>pedibus,</span> <span class='ocrx_word' id='word_1_82' title='bbox 710 1212 912 1256; x_wconf 88' lang='lat' dir='ltr'>noctesque</span> <span class='ocrx_word' id='word_1_83' title='bbox 933 1211 971 1245; x_wconf 90' lang='lat' dir='ltr'>et</span> <span class='ocrx_word' id='word_1_84' title='bbox 985 1206 1065 1244; x_wconf 84' lang='lat' dir='ltr'>dies</span> 
     </span>
     <span class='ocr_line' id='line_1_18' title="bbox 160 1264 1016 1314; baseline 0.001 -13"><span class='ocrx_word' id='word_1_85' title='bbox 160 1264 297 1313; x_wconf 84' lang='lat' dir='ltr'><strong>Capitis</strong></span> <span class='ocrx_word' id='word_1_86' title='bbox 317 1266 494 1314; x_wconf 86' lang='lat' dir='ltr'>periclum</span> <span class='ocrx_word' id='word_1_87' title='bbox 513 1266 617 1304; x_wconf 81' lang='lat' dir='ltr'>adire</span> <span class='ocrx_word' id='word_1_88' title='bbox 629 1295 638 1310; x_wconf 90' lang='lat'><em>,</em></span> <span class='ocrx_word' id='word_1_89' title='bbox 662 1266 752 1303; x_wconf 91' lang='lat' dir='ltr'>dum</span> <span class='ocrx_word' id='word_1_90' title='bbox 770 1266 910 1314; x_wconf 87' lang='lat' dir='ltr'>prosim</span> <span class='ocrx_word' id='word_1_91' title='bbox 929 1264 1016 1303; x_wconf 83' lang='lat' dir='ltr'>ubi:</span> 
     </span>
     <span class='ocr_line' id='line_1_19' title="bbox 161 1323 1219 1374; baseline -0.001 -13"><span class='ocrx_word' id='word_1_92' title='bbox 161 1326 315 1362; x_wconf 91' lang='lat' dir='ltr'>Tuumst</span> <span class='ocrx_word' id='word_1_93' title='bbox 327 1354 336 1369; x_wconf 83' lang='lat'>,</span> <span class='ocrx_word' id='word_1_94' title='bbox 359 1324 390 1362; x_wconf 90' lang='lat' dir='ltr'>si</span> <span class='ocrx_word' id='word_1_95' title='bbox 408 1325 498 1374; x_wconf 90' lang='lat' dir='ltr'>quid</span> <span class='ocrx_word' id='word_1_96' title='bbox 514 1329 649 1374; x_wconf 87' lang='lat' dir='ltr'>praeter</span> <span class='ocrx_word' id='word_1_97' title='bbox 667 1335 772 1373; x_wconf 89' lang='lat' dir='ltr'>spem</span> <span class='ocrx_word' id='word_1_98' title='bbox 789 1324 933 1371; x_wconf 88' lang='lat' dir='ltr'>evenit,</span> <span class='ocrx_word' id='word_1_99' title='bbox 951 1323 1002 1361; x_wconf 92' lang='lat' dir='ltr'>mi</span> <span class='ocrx_word' id='word_1_100' title='bbox 1015 1323 1219 1370; x_wconf 81' lang='lat' dir='ltr'>ignoscere.</span> 
     </span>
     <span class='ocr_line' id='line_1_20' title="bbox 162 1382 1086 1432; baseline 0.001 -13"><span class='ocrx_word' id='word_1_101' title='bbox 162 1385 297 1420; x_wconf 83' lang='lat' dir='ltr'>Parum</span> <span class='ocrx_word' id='word_1_102' title='bbox 316 1383 503 1432; x_wconf 90' lang='lat' dir='ltr'>succedit,</span> <span class='ocrx_word' id='word_1_103' title='bbox 522 1384 624 1432; x_wconf 85' lang='lat' dir='ltr'>quod</span> <span class='ocrx_word' id='word_1_104' title='bbox 641 1395 711 1431; x_wconf 86' lang='lat' dir='ltr'>ago</span> <span class='ocrx_word' id='word_1_105' title='bbox 736 1396 745 1420; x_wconf 75' lang='grc' dir='ltr'>ε</span> <span class='ocrx_word' id='word_1_106' title='bbox 768 1388 806 1420; x_wconf 85' lang='lat' dir='ltr'>at</span> <span class='ocrx_word' id='word_1_107' title='bbox 824 1383 921 1420; x_wconf 82' lang='lat' dir='ltr'>facio</span> <span class='ocrx_word' id='word_1_108' title='bbox 941 1382 1086 1420; x_wconf 90' lang='lat' dir='ltr'>sedulo.</span> 
     </span>
     <span class='ocr_line' id='line_1_21' title="bbox 162 1441 986 1492; baseline -0.002 -14"><span class='ocrx_word' id='word_1_109' title='bbox 162 1442 228 1479; x_wconf 87' lang='lat' dir='ltr'>Vel</span> <span class='ocrx_word' id='word_1_110' title='bbox 239 1442 373 1480; x_wconf 89' lang='lat' dir='ltr'>melius</span> <span class='ocrx_word' id='word_1_111' title='bbox 391 1446 470 1480; x_wconf 84' lang='lat' dir='ltr'>tute</span> <span class='ocrx_word' id='word_1_112' title='bbox 482 1443 631 1492; x_wconf 88' lang='lat' dir='ltr'>reperi,</span> <span class='ocrx_word' id='word_1_113' title='bbox 650 1453 711 1480; x_wconf 90' lang='lat' dir='ltr'>me</span> <span class='ocrx_word' id='word_1_114' title='bbox 727 1441 881 1479; x_wconf 90' lang='lat' dir='ltr'>missum</span> <span class='ocrx_word' id='word_1_115' title='bbox 894 1441 986 1480; x_wconf 82' lang='lat' dir='ltr'>sace.</span> 
     </span>
     <span class='ocr_line' id='line_1_22' title="bbox 673 1512 892 1539; baseline -0.005 0"><span class='ocrx_word' id='word_1_116' title='bbox 673 1512 892 1539; x_wconf 62' lang='lat' dir='ltr'>efflamus.</span> 
     </span>
     <span class='ocr_line' id='line_1_23' title="bbox 164 1559 1094 1611; baseline 0 -12"><span class='ocrx_word' id='word_1_117' title='bbox 164 1560 280 1610; x_wconf 75' lang='lat' dir='ltr'>Cupio</span> <span class='ocrx_word' id='word_1_118' title='bbox 298 1561 475 1601; x_wconf 82' lang='lat' dir='ltr'>:restitue</span> <span class='ocrx_word' id='word_1_119' title='bbox 480 1590 494 1610; x_wconf 94' lang='lat'>‚</span> <span class='ocrx_word' id='word_1_120' title='bbox 509 1572 621 1611; x_wconf 90' lang='lat' dir='ltr'>quem</span> <span class='ocrx_word' id='word_1_121' title='bbox 640 1572 662 1598; x_wconf 87' lang='lat' dir='ltr'>a</span> <span class='ocrx_word' id='word_1_122' title='bbox 679 1571 741 1599; x_wconf 82' lang='lat' dir='ltr'>me</span> <span class='ocrx_word' id='word_1_123' title='bbox 764 1559 937 1610; x_wconf 86' lang='lat' dir='ltr'>accepisti</span> <span class='ocrx_word' id='word_1_124' title='bbox 955 1559 1094 1599; x_wconf 84' lang='lat' dir='ltr'>locum.</span> 
     </span>
     <span class='ocr_line' id='line_1_24' title="bbox 724 1630 856 1658; baseline 0 0"><span class='ocrx_word' id='word_1_125' title='bbox 724 1630 856 1658; x_wconf 69' lang='lat' dir='ltr'>nnus.</span> 
     </span>
     <span class='ocr_line' id='line_1_25' title="bbox 165 1678 324 1732; baseline 0.006 -16"><span class='ocrx_word' id='word_1_126' title='bbox 165 1678 324 1732; x_wconf 78' lang='lat' dir='ltr'>Faciam.</span> 
     </span>
     <span class='ocr_line' id='line_1_26' title="bbox 673 1754 892 1783; baseline -0.009 0"><span class='ocrx_word' id='word_1_127' title='bbox 673 1754 892 1783; x_wconf 67' lang='lat' dir='ltr'>nummis.</span> 
     </span>
     <span class='ocr_line' id='line_1_27' title="bbox 334 1810 746 1860; baseline 0 -12"><span class='ocrx_word' id='word_1_128' title='bbox 334 1812 381 1848; x_wconf 85' lang='lat' dir='ltr'>At</span> <span class='ocrx_word' id='word_1_129' title='bbox 389 1810 469 1859; x_wconf 84' lang='lat' dir='ltr'>jam</span> <span class='ocrx_word' id='word_1_130' title='bbox 483 1811 556 1850; x_wconf 82' lang='lat' dir='ltr'>hoc</span> <span class='ocrx_word' id='word_1_131' title='bbox 567 1821 663 1860; x_wconf 89' lang='lat' dir='ltr'>opus</span> <span class='ocrx_word' id='word_1_132' title='bbox 676 1814 746 1849; x_wconf 87' lang='lat' dir='ltr'>est.</span> 
     </span>
     <span class='ocr_line' id='line_1_28' title="bbox 722 1884 857 1913; baseline -0.015 0"><span class='ocrx_word' id='word_1_133' title='bbox 722 1884 857 1913; x_wconf 65' lang='lat' dir='ltr'>nnus.</span> 
     </span>
     <span class='ocr_line' id='line_1_29' title="bbox 472 1934 1407 1988; baseline -0.009 -9"><span class='ocrx_word' id='word_1_134' title='bbox 472 1943 561 1979; x_wconf 89' lang='lat' dir='ltr'>Hem</span> <span class='ocrx_word' id='word_1_135' title='bbox 571 1970 583 1988; x_wconf 90' lang='lat'>‚</span> <span class='ocrx_word' id='word_1_136' title='bbox 597 1944 631 1978; x_wconf 90' lang='lat' dir='ltr'>st</span> <span class='ocrx_word' id='word_1_137' title='bbox 643 1943 652 1978; x_wconf 75' lang='lat' dir='ltr'>i</span> <span class='ocrx_word' id='word_1_138' title='bbox 668 1950 777 1977; x_wconf 87' lang='lat' dir='ltr'>mane</span> <span class='ocrx_word' id='word_1_139' title='bbox 793 1955 803 1976; x_wconf 90' lang='lat'>:</span> <span class='ocrx_word' id='word_1_140' title='bbox 815 1937 1035 1987; x_wconf 87' lang='lat' dir='ltr'>concrepuit</span> <span class='ocrx_word' id='word_1_141' title='bbox 1046 1947 1069 1975; x_wconf 84' lang='lat' dir='ltr'>a</span> <span class='ocrx_word' id='word_1_142' title='bbox 1080 1935 1248 1986; x_wconf 78' lang='lat' dir='ltr'>Glycerio</span> <span class='ocrx_word' id='word_1_143' title='bbox 1260 1934 1407 1973; x_wconf 87' lang='lat' dir='ltr'>ostium.</span> 
     </span>
    </p>
   </div>
   <div class='ocr_carea' id='block_1_3' title="bbox 170 2014 909 2111">
    <p class='ocr_par' dir='ltr' id='par_1_3' title="bbox 170 2014 909 2111">
     <span class='ocr_line' id='line_1_30' title="bbox 374 2014 909 2057; baseline -0.006 -13"><span class='ocrx_word' id='word_1_144' title='bbox 374 2054 377 2057; x_wconf 22' lang='grc' dir='ltr'>Ι</span> <span class='ocrx_word' id='word_1_145' title='bbox 681 2014 909 2042; x_wconf 57' lang='lat' dir='ltr'>mmmm&amp;</span> 
     </span>
     <span class='ocr_line' id='line_1_31' title="bbox 170 2068 405 2111; baseline -0.013 0"><span class='ocrx_word' id='word_1_146' title='bbox 170 2068 272 2111; x_wconf 75' lang='lat' dir='ltr'>Nihil</span> <span class='ocrx_word' id='word_1_147' title='bbox 290 2069 339 2108; x_wconf 80' lang='lat' dir='ltr'>ad</span> <span class='ocrx_word' id='word_1_148' title='bbox 353 2073 405 2108; x_wconf 83' lang='lat' dir='ltr'>te.</span> 
     </span>
    </p>
   </div>
   <div class='ocr_carea' id='block_1_4' title="bbox 386 2144 1012 2375">
    <p class='ocr_par' dir='ltr' id='par_1_4' title="bbox 386 2144 1012 2375">
     <span class='ocr_line' id='line_1_32' title="bbox 726 2144 858 2172; baseline -0.008 0"><span class='ocrx_word' id='word_1_149' title='bbox 726 2144 858 2172; x_wconf 58' lang='lat' dir='ltr'>uivus.</span> 
     </span>
     <span class='ocr_line' id='line_1_33' title="bbox 386 2200 534 2245; baseline 0 -8"><span class='ocrx_word' id='word_1_150' title='bbox 386 2200 534 2245; x_wconf 82' lang='lat' dir='ltr'>Quaero.</span> 
     </span>
     <span class='ocr_line' id='line_1_34' title="bbox 681 2272 904 2300; baseline -0.009 0"><span class='ocrx_word' id='word_1_151' title='bbox 681 2272 904 2300; x_wconf 69' lang='lat' dir='ltr'>nummus.</span> 
     </span>
     <span class='ocr_line' id='line_1_35' title="bbox 529 2326 1012 2375; baseline -0.008 -8"><span class='ocrx_word' id='word_1_152' title='bbox 529 2327 623 2367; x_wconf 78' lang='lat' dir='ltr'>nem</span> <span class='ocrx_word' id='word_1_153' title='bbox 635 2353 649 2375; x_wconf 85' lang='lat'>‚</span> <span class='ocrx_word' id='word_1_154' title='bbox 663 2337 811 2365; x_wconf 88' lang='lat' dir='ltr'>nuncne</span> <span class='ocrx_word' id='word_1_155' title='bbox 830 2326 1012 2364; x_wconf 77' lang='lat' dir='ltr'>demum?</span> 
     </span>
    </p>
   </div>
  </div>
 </body>
</html>
