1624 2632
211 166 292 206 262
719 172 939 210 HECYRA.

747 265 911 293 mccuts.

565 311 681 350 Etiam
704 326 712 350 :
734 323 911 361 cognosse
929 313 1080 351 anulum
1102 313 1205 351 illum
1226 311 1447 362 Myrrhinam

216 370 335 408 Gnatae
353 380 427 408 suae
441 370 566 418 fuisse,
585 370 701 420 quem
720 383 821 420 ipsus
840 372 930 410 olim
952 372 1002 410 mi
1018 372 1185 411 dederat.

739 442 924 470 mammo.

1206 488 1302 528 Scio.

211 547 414 585 Tantumne
430 549 514 586 est?

748 618 913 646 Bacenis.

418 667 573 702 Tantum
593 678 602 703 :
624 665 740 703 aderit
757 667 946 710 continuo,
960 666 1032 705 hoc
1051 665 1116 704 ubi
1135 676 1180 704 ex
1199 670 1235 704 te
1251 665 1447 703 audiverit.

210 723 281 760 Sed
301 724 449 760 cessas?

738 795 925 822 rAnunno.

309 840 340 876 M
346 839 468 878 inume
483 841 656 890 equidem
666 855 677 889 3
688 853 773 879 nam
790 841 900 880 hodie
915 841 1006 879 mihi
1021 845 1182 890 potestas
1195 841 1294 879 haud
1308 841 1446 879 datast:

215 899 263 935 lta
283 899 466 938 cursando
483 906 592 949 atque
612 901 839 939 ambulando
855 906 971 939 totum
993 901 1091 938 hunc
1105 901 1262 939 contrivi
1280 900 1393 938 diem.

747 1029 912 1056 BAccnis.

213 1075 395 1119 Quantam
414 1075 529 1114 obtuli
550 1077 707 1115 adventu
728 1088 812 1114 meo
831 1077 993 1115 laetitiam
1013 1076 1205 1125 Pamphilo
1225 1076 1361 1115 hodie!

212 1134 310 1177 Quot
327 1134 544 1173 commodas
560 1146 619 1173 res
640 1135 768 1173 attuli!
791 1138 889 1180 Quot
905 1141 1029 1173 autem
1043 1135 1165 1173 ademi
1179 1138 1305 1173 curas!

213 1193 368 1230 Gnatum
390 1193 423 1231 ei
441 1194 609 1241 restituo,
630 1205 734 1243 paene
753 1194 816 1243 qui
839 1195 972 1232 harum
986 1193 1174 1243 ipsiusque
1186 1204 1300 1242 opera
1314 1193 1447 1242 periit:

215 1253 386 1299 Uxorem,
405 1263 518 1301 quam
538 1264 741 1302 numquam
766 1258 822 1291 est
848 1258 950 1291 ratus
974 1253 1129 1301 posthac
1155 1263 1194 1291 se
1219 1251 1449 1300 habiturum,

263 1310 376 1348 reddo
397 1324 406 1349 :

214 1370 290 1413 Qua
312 1380 351 1406 re
368 1374 560 1418 suspectus
579 1381 647 1408 suo
666 1374 764 1419 patrl
777 1376 815 1409 et
833 1370 1015 1420 Phidippo
1035 1369 1122 1418 ruit,
1140 1369 1289 1408 exsolvi.

215 1428 277 1465 llic
294 1428 388 1466 adeo
408 1428 464 1466 his
483 1430 594 1467 rehus
609 1429 742 1466 anulus
756 1429 825 1467 fuit
844 1429 990 1467 initium
1011 1428 1254 1467 inveniundis.

214 1488 306 1525 Nam
327 1488 478 1525 memini
501 1488 634 1525 abhinc
651 1499 796 1526 menses
814 1488 943 1526 decem
963 1489 1040 1526 fere
1058 1488 1105 1530 ad
1126 1499 1185 1525 me
1204 1492 1311 1526 nocte
1332 1488 1451 1536 prima

214 1545 418 1593 Confugere
440 1546 677 1584 anhelantem
694 1546 862 1594 domum,
882 1546 959 1584 sine
980 1547 1129 1593 comite,
1147 1547 1221 1584 vini
1237 1546 1402 1595 plenum,

215 1605 306 1642 Cum
335 1605 407 1642 hoc
437 1605 549 1643 anulo
574 1618 584 1643 ε
608 1604 761 1643 extimui
790 1605 887 1643 illico
913 1619 922 1643 ε
947 1605 998 1643 mi
1030 1605 1247 1654 Pamphile,
1277 1605 1449 1654 inquam,

263 1663 410 1711 amabo,

215 1723 309 1768 Quid
330 1723 558 1762 examinatus
573 1724 754 1762 obsecro?
772 1728 837 1762 aut
855 1724 954 1762 unde
969 1723 1124 1762 anulum
1141 1723 1251 1762 istum
1273 1725 1430 1762 nactus?

215 1781 277 1819 Dic
297 1781 360 1819 mi.
382 1782 445 1820 llle
462 1782 552 1820 alias
569 1793 628 1820 res
643 1793 752 1831 agere
771 1793 810 1820 se
828 1782 1017 1820 simulare.
1037 1785 1232 1831 Postquam
1252 1782 1358 1819 video

214 1840 344 1878 Nescio
363 1840 451 1889 quid
466 1840 728 1890 suspectarier‚
749 1842 864 1890 magis
878 1841 971 1890 ooepi
992 1840 1131 1893 instare
1149 1845 1189 1878 ut
1199 1840 1308 1878 dicat.

214 1901 332 1937 Homo
345 1910 384 1938 se
399 1900 535 1938 fatetur
550 1899 584 1937 vi
607 1898 644 1938 in
661 1899 718 1937 via
735 1900 858 1938 nescio
877 1911 988 1948 quam
1008 1900 1269 1948 compressisse
1286 1912 1296 1938 :

215 1957 380 2006 Dicitque
403 1969 482 1996 sese
502 1957 554 1995 illi
571 1958 739 2005 anulum,
758 1959 846 1996 dum
865 1959 994 2005 luctat,
1014 1958 1211 1996 detraxisse
1228 1972 1238 1996 :

216 2019 307 2054 Eum
325 2018 403 2055 haec
420 2017 591 2066 cognovit
616 2015 801 2066 Myrrhina
820 2017 855 2054 in
876 2017 992 2066 digito
1013 2017 1125 2055 modo
1147 2028 1205 2055 me
1223 2017 1450 2055 hahentemt

215 2079 334 2123 Rogat
352 2075 449 2113 unde
466 2076 513 2114 sit
535 2087 671 2115 :narro
691 2076 815 2114 omnia
835 2077 912 2115 haec
933 2090 943 2114 :
964 2076 1086 2114 in'dest
1104 2075 1263 2124 cognitio
1283 2076 1393 2121 saeta,

217 2135 474 2173 Philumenam
502 2146 738 2185 conpressam
762 2146 843 2173 esse
868 2135 916 2173 ab
944 2145 1011 2181 co,
1030 2137 1074 2173 'et
1100 2135 1218 2173 filium
1243 2135 1329 2173 inde
1355 2135 1452 2172 hunc

262 2199 401 2232 natum.
651 2199 654 2200 ’

217 2257 297 2294 Haec
316 2260 370 2293 tot
386 2259 538 2304 propter
551 2266 611 2294 me
631 2254 768 2304 gaudia
787 2255 846 2294 illi*
856 2255 1051 2305 contigisse
1067 2255 1172 2294 laetor
1190 2268 1202 2294 ε
