1624 2632
220 190 290 228 3⁴6
361 184 364 187 ’
502 188 743 226 naamon
773 168 1163 225 Timo'num'enos,

221 270 371 318 Aliquid
387 269 584 319 reperiret,
603 270 757 317 tingeret
772 269 949 316 fallacias,

221 328 323 366 Unde
340 332 436 366 esset
453 327 695 375 adulescenti,
713 327 839 366 amicae
857 327 955 376 quod
973 326 1091 371 daret,

223 390 340 436 Atque
359 387 457 426 hunc
474 386 665 425 difficilem
683 386 836 424 invitum
854 390 1017 424 servaret
1029 396 1168 424 senem.

406 491 411 494 ,
774 455 903 483 smus.

223 501 360 543 Garris.

752 572 930 601 cuneum.

377 621 458 659 Haec
476 619 574 659 sacta
589 619 636 659 ab
657 620 723 659 illo
737 620 946 670 oportebat,
958 622 1070 670 Syre.

775 690 906 718 snus.

227 739 305 777 Eho
320 748 446 788 quaeso
464 737 611 785 laudas,
628 736 692 786 qui
707 737 818 776 heros
834 737 995 776 fallunt?

759 865 936 893 CHREMES.

1008 915 1047 951 ln
1064 914 1145 951 loco

230 974 305 1020 Ego
324 982 412 1010 vero
431 971 558 1010 laudo.

785 1041 915 1068 smus.

586 1090 699 1127 Recte
716 1099 818 1126 sane.

760 1157 941 1185 enuntias.

592 1254 598 1260 ·
836 1205 979 1255 Quippe
998 1205 1086 1254 quia

234 1265 448 1311 Magnarum
463 1273 560 1312 saepe
576 1263 615 1302 id
635 1265 843 1303 remedium
862 1265 1126 1313 aegritudinum
1137 1267 1207 1303 est.
1226 1299 1230 1302 .

233 1323 312 1360 Jam
331 1321 417 1360 huic
435 1323 631 1361 mansisset
650 1323 779 1362 unicus
792 1328 926 1372 gnatus
937 1323 1053 1362 domi.

787 1394 916 1422 snus.

233 1442 347 1479 Jocon
362 1451 409 1478 an
427 1440 526 1480 serio
542 1440 606 1480 ille
626 1442 704 1480 haec
718 1443 817 1481 dicat
836 1443 960 1481 nescio
969 1456 982 1490 3

235 1498 313 1537 Nisi
332 1498 425 1537 mihi
444 1499 597 1548 quidem
615 1501 719 1539 addit
733 1501 912 1549 animum,
932 1512 1006 1550 quo
1024 1501 1148 1538 lubeat
1167 1499 1295 1548 magis.

296 1594 299 1597 .
765 1571 941 1599 cunnus.

184 1646 187 1653 ,
238 1618 281 1654 Et
296 1626 394 1654 nunc
411 1615 502 1665 quid
521 1623 722 1666 exspectat,
742 1620 858 1668 Syre?
876 1630 923 1657 an
939 1618 1027 1656 dum
1044 1617 1132 1655 hinc
1149 1617 1273 1656 denuo

238 1673 367 1721 Abeat,
385 1685 501 1723 quum
517 1672 674 1715 tolerare
694 1677 793 1716 illius
812 1683 979 1726 sumptus
997 1687 1069 1714 non
1089 1677 1229 1725 queat?

238 1735 363 1771 Nonne
378 1732 426 1771 ad
444 1744 571 1773 senem
587 1735 749 1784 aliquam
769 1736 947 1775 fabricam
966 1736 1095 1784 fingit?

790 1864 919 1892 smus.

1116 1911 1277 1950 Stolidus
1295 1919 1366 1951 cst.

769 1982 947 2010 cuxanus.

241 2035 288 2070 At
309 2036 345 2071 te
361 2031 532 2080 adjutare
552 2034 701 2080 oportet
716 2029 983 2069 adulescentuli

240 2092 372 2129 Causa.

794 2159 923 2186 snus.

361 2217 365 2220 ’
393 2208 513 2246 Facile
532 2206 706 2256 equidem
723 2207 845 2245 facere
863 2218 1031 2256 possum,
1048 2206 1077 2244 si
1090 2206 1224 2255 jubes:

243 2265 388 2304 Etenim
406 2277 482 2316 quo
497 2272 606 2316 pacto
622 2265 660 2304 id
679 2266 759 2303 fieri
775 2266 909 2313 soleat,
928 2266 1058 2304 calleo.
