1624 2632
274 217 341 252 2:³8
781 217 1001 254 HECYRA.

818 305 969 332 LACuES.

271 353 366 399 Quid
388 354 439 392 vis
462 352 681 403 Pamphile?

778 424 996 450 ruiramus.

651 472 741 510 Hinc
756 471 860 509 abire
876 472 1058 509 matrem?
1072 471 1246 508 Minume.

817 542 968 569 cacans.

1147 589 1241 635 Quid
1259 589 1310 627 ita
1326 587 1419 626 istuc
1430 588 1509 624 vis?

367 692 373 697 ,
777 659 996 694 nummus.

270 709 363 752 Quia
374 707 422 745 de
437 717 551 746 uxore
565 707 730 746 incertus
743 718 824 744 sum
844 706 957 744 etiam
978 705 1067 756 quid
1087 706 1159 744 sim
1179 705 1354 744 facturus.

814 835 964 863 menas.

537 921 547 933 ,
1312 881 1407 927 Quid
1424 882 1508 918 est?

271 943 363 989 Quid
386 943 439 981 vis
456 943 591 986 facere,
615 942 686 981 nisi
705 943 912 980 reducere?
1480 942 1493 947 “

779 1011 1000 1039 PAMPmLUS.

816 1059 995 1107 Equidem
1014 1058 1140 1108 cupio,
1156 1062 1195 1096 et
1210 1057 1267 1096 vix
1282 1057 1474 1095 contineor
1493 1069 1503 1094 :

270 1119 342 1157 Sed
358 1130 430 1156 non
452 1119 618 1157 minuam
638 1130 763 1158 meum
784 1118 979 1157 consilium
995 1130 1005 1157 :
1023 1128 1066 1156 ex
1086 1129 1155 1155 usu
1174 1116 1274 1167 quod
1286 1121 1353 1161 est,
1371 1116 1432 1165 idp
1448 1125 1506 1153 cr-

319 1188 453 1226 sequar
472 1190 481 1213 ε

271 1237 388 1274 Credo
409 1247 453 1274 ea
469 1236 587 1285 gratia
602 1235 819 1283 concordes,
840 1235 871 1273 si
891 1246 962 1273 non
981 1234 1194 1279 redducam,
1217 1234 1307 1272 l'ore.

818 1304 971 1332 meurs.

270 1354 431 1391 Nescias.
446 1355 582 1391 Verum
601 1357 665 1391 tua
681 1353 796 1391 refert
812 1352 902 1390 nihil
918 1357 1043 1390 utrum
1061 1350 1134 1389 illae
1149 1351 1314 1394 fecerint,

271 1412 424 1457 Quando
443 1412 520 1450 haec
543 1411 674 1449 aberit.
698 1411 833 1449 Odiosa
853 1412 930 1449 haec
947 1414 1002 1448 est
1017 1414 1105 1448 aetas
1118 1408 1406 1447 adulescentulis
1424 1422 1434 1447 τ

271 1473 299 1508 Ε
318 1471 442 1508 medio
458 1482 606 1519 aequum
623 1471 800 1508 excedere
818 1475 886 1508 est.
912 1473 1102 1507 Postremo
1121 1480 1187 1507 nos
1202 1469 1282 1517 ,iam
1303 1468 1437 1505 rabulae

271 1531 421 1575 Sumus,
438 1530 644 1578 Pamphile,
663 1540 774 1566 senex
792 1534 901 1577 atque
922 1539 1027 1566 anus.
1278 1520 1281 1523 ’

271 1588 344 1626 Sed
364 1587 468 1626 video
485 1588 709 1637 Phidippum
730 1588 857 1636 egredi
873 1597 939 1635 per
954 1591 1101 1635 tempus
1119 1598 1129 1623 :
1150 1584 1379 1623 accedamus.

747 1761 934 1800 SCENA
962 1761 1040 1802 ΙΙΙ.

471 1867 756 1907 ΡΗΙΒΙΡΡΙΙΞ,
782 1866 989 1906 LACEES,
1017 1866 1300 1899 PAMPHILUS

790 1972 995 1999 PmanPUS.

275 2020 356 2059 Tibi
372 2030 522 2069 quoque
538 2019 671 2069 edepol
685 2030 768 2057 sum
784 2020 911 2062 iratus,
935 2018 1164 2067 Philumena,

276 2079 440 2119 Graviter
456 2078 608 2128 quidem
629 2092 636 2115 :
657 2090 743 2116 nam
762 2078 886 2116 hercle
900 2079 1016 2116 abste
1035 2078 1207 2117 factumst
1225 2079 1393 2128 turpiter.

315 2191 339 2216 l.
362 2187 463 2215 Parole
476 2187 569 2223 pleine
581 2187 616 2214 de
633 2187 801 2214 bienseance
813 2186 971 2221 theatrale;
984 2185 1003 2213 il
1014 2186 1134 2214 u’aurait
1145 2195 1196 2222 pas
1208 2188 1252 2214 ete
1265 2186 1440 2214 convenablc
1452 2194 1506 2222 qua

278 2227 425 2264 Pamphile
438 2227 533 2256 taissat
552 2231 642 2263 par-tir
653 2236 684 2254 sa
697 2236 786 2255 mere.

313 2271 339 2296 2.
362 2269 385 2297 ll
397 2274 439 2296 est
453 2277 506 2304 peu
520 2269 555 2296 de
572 2269 668 2296 soenes
680 2277 714 2295 au
729 2269 839 2296 theatre
851 2268 898 2303 qui
912 2269 1003 2296 soient
1017 2267 1090 2295 aussi
1105 2268 1170 2295 bien
1182 2268 1266 2296 faites
1280 2277 1335 2305 que
1347 2267 1461 2296 celle-ci
1486 2267 1508 2295 n

278 2318 297 2346 y
312 2319 329 2338 a
346 2318 384 2338 un
407 2313 452 2337 art
472 2309 656 2337 merveilleux
675 2310 710 2336 de
728 2309 754 2336 la
772 2314 835 2345 part
857 2309 892 2336 de
911 2311 1034 2336 Terence
1054 2309 1161 2336 d'ax-oir
1185 2310 1257 2338 ainsi
1277 2310 1328 2337 tuit
1348 2310 1452 2336 eruin-e
1470 2308 1512 2345 les
