1624 2632
277 200 348 238 224
780 207 1000 244 llECYRA.

279 281 369 319 Cum
389 292 434 321 eo
453 282 546 327 viro,
575 294 636 322 me
661 285 725 334 qui
750 285 796 323 sit
819 286 1064 324 fortunatior:

278 340 583 390 Quandoquidem
602 342 704 381 illam
723 354 745 381 a
760 355 819 382 me
839 343 1013 382 distrahit
1032 342 1242 382 necessitas.

795 413 1001 440 Pmmm’us.

278 454 361 507 Tibi
378 458 416 496 id
432 459 471 496 in
491 469 603 498 manu
619 463 688 507 est,
709 471 756 499 ne
773 461 850 499 fiat.

818 530 970 557 LAanS.

863 577 900 615 Si
920 588 1031 616 sanus
1045 577 1131 626 sies,

278 631 369 671 Jube
387 632 491 672 illam
511 633 649 674 redire.

784 706 1004 734 nummus.

673 754 753 791 Non
774 758 830 792 est
847 753 1059 802 consilium,
1081 758 1211 803 pater:

279 809 403 847 Matris
419 810 565 849 servibo
585 811 804 850 commodis,

814 882 966 908 menes.

815 931 894 975 Quo
912 929 1151 977 abis?·Mane‚

277 986 396 1032 Mane,
417 984 568 1035 inquam
588 999 598 1025 τ
618 997 694 1036 quo
710 987 815 1025 abis?

787 1057 992 1085 ruminus.

819 1106 907 1150 Quae
926 1105 1002 1143 haec
1019 1108 1078 1143 est
1095 1105 1323 1154 pertinacia?

817 1174 968 1202 menes.

274 1217 391 1265 Dixin,
408 1217 603 1267 Phidippe,
623 1218 719 1256 hanc
738 1230 818 1257 rem
838 1230 933 1268 aegre
949 1220 1111 1259 laturum
1130 1231 1210 1259 esse
1230 1223 1343 1259 eum?

274 1277 522 1321 Quamobrem
541 1282 579 1316 te
595 1277 765 1323 orabam,
786 1278 902 1316 tiliam
920 1283 960 1317 ut
976 1280 1198 1318 remitteres.

788 1407 992 1435 anirrus.

273 1455 353 1491 Non
369 1453 508 1492 credidi
528 1453 661 1502 edepol
680 1453 773 1492 adeo
793 1454 1037 1493 inhumanum
1056 1455 1160 1494 fore:

274 1514 325 1550 lta
342 1523 439 1550 nunc
455 1511 486 1550 is
504 1510 655 1550 sibime
674 1512 965 1561 supplicaturum
987 1516 1138 1563 putat?-

272 1570 310 1608 Si
326 1575 394 1617 est,
412 1576 453 1608 ut
468 1570 555 1609 velit
571 1570 748 1609 reducere
768 1583 919 1610 uxorem
929 1587 940 1620 3
963 1572 1072 1610 licet:

272 1628 333 1667 Sin
349 1629 422 1667 alio
440 1634 497 1668 est
511 1629 657 1677 animo3
678 1636 890 1668 renumeret
906 1631 1032 1669 dotem
1048 1632 1133 1678 huc,
1152 1635 1225 1670 eat.

812 1701 964 1728 memes.

271 1749 362 1786 Ecce
376 1750 502 1785 autem
521 1750 562 1785 tu
580 1757 730 1797 quoque
753 1753 922 1797 proterve
941 1748 1139 1787 iracundus
1156 1759 1208 1788 es.

783 1819 986 1847 rmmrrus.

270 1867 537 1903 Percontumax
554 1864 684 1904 redisti
701 1865 774 1905 huc
789 1866 911 1914 nobis,
931 1867 1136 1916 Pamphile.

807 1937 958 1964 mouns.

270 1982 428 2020 Decedet
441 1982 522 2031 jam
541 1983 597 2021 ira
614 1983 691 2022 haec
707 1997 717 2022 ε
734 1984 802 2022 etsi
820 1985 953 2022 merito
971 1984 1087 2023 iratus
1103 1989 1171 2023 est.

783 2053 987 2080 munirrus.

269 2097 360 2142 Quia
378 2098 530 2147 paulum
549 2099 650 2137 vobis
669 2101 821 2138 accessit
837 2100 1012 2149 pecuniae,

268 2156 408 2195 Sublati
425 2157 537 2195 animi
554 2164 652 2196 sunt.

305 2275 331 2304 ¹.
351 2273 498 2311 Pamphile
514 2279 590 2303 reste
603 2275 822 2312 probablcment
835 2277 957 2314 quelque
973 2280 1065 2315 temps
1078 2287 1180 2307 encore
1192 2287 1242 2307 sur
1253 2279 1282 2307 le
1301 2280 1421 2314 theitre.
1432 2280 1497 2318 pub
