1624 2632
193 223 264 260 244
699 226 919 263 HECYRA.

195 304 335 340 Censen
355 306 391 340 te
409 313 515 351 posse
535 302 700 352 reperire
717 303 832 341 ullam
853 303 1061 347 mulierem,

196 363 282 407 Quae.
300 366 424 400 careat
439 362 575 411 culpa?
594 364 648 399 An
665 362 753 411 quia
773 374 846 400 non
866 363 1086 411 delinquunt
1103 361 1203 400 viri?

709 433 915 460 Pmnim’us.

195 480 346 516 Vosmet
364 479 485 518 videte
502 479 596 528 J'am,
613 480 746 523 Lache,
769 484 806 518 et
824 484 877 523 tu,
898 478 1103 528 Pamphile,

196 537 386 575 Remissan
403 549 497 587 opus
512 538 561 577 sit
578 538 694 586 vobis,
712 539 913 577 redductan
930 538 1082 577 domum

197 598 293 633 Uxor
307 596 395 645 quid
415 596 536 644 saciat,
557 597 592 635 in
613 608 723 635 manu
743 609 815 634 non
836 602 891 635 est
907 608 1002 635 mea.

198 657 335 692 Neutra
351 655 388 692 in
405 666 445 693 re
464 655 567 694 vobis
587 655 785 694 difficultas
798 667 820 693 a
839 666 897 694 me
914 655 997 694 erit.

199 714 270 751 Sed
289 713 379 762 quid
398 713 574 752 faciemus
594 717 737 763 puero?

741 783 890 810 menes.

759 831 924 870 Ridicule
941 841 1048 878 rogas
1065 843 1075 868 ε

196 887 378 937 Quicquid
388 879 609 937 Tuturumst,
630 889 716 927 huic
736 900 844 927 suum
863 889 996 928 reddas
1012 889 1162 933 scilicet,

201 947 246 985 Ut
264 946 405 985 alamus
424 952 601 986 nostrum.

700 1019 918 1045 nummus.

623 1067 740 1111 Quem
761 1066 839 1115 ipse
858 1065 1019 1114 neglexit
1036 1070 1155 1114 pater,

202 1125 274 1171 Ego
293 1123 417 1161 alam?

500 1207 501 1210 =
742 1193 890 1221 menas.

249 1240 342 1285 Quid
359 1240 478 1278 dixti?
496 1241 575 1279 Eho
596 1252 641 1279 an
658 1251 731 1278 non
754 1241 909 1284 alemus,
930 1240 1147 1291 Pamphile?

202 1299 404 1337 Prodemus
418 1310 542 1348 quaeso
562 1299 710 1348 potius?
729 1301 816 1345 Quae
836 1301 913 1338 haec
932 1300 1096 1338 amentia
1113 1301 1196 1338 est?

200 1357 392 1395 Enimvero
411 1368 562 1406 prorsus
573 1359 651 1406 jam
672 1363 793 1396 tacere
813 1369 886 1396 non
904 1368 1013 1407 queo.

200 1418 291 1453 Nam
309 1416 422 1464 cogis,
441 1427 486 1455 ea
503 1428 586 1466 quae
604 1417 691 1454 nolo
706 1422 746 1455 ut
767 1421 946 1466 praesente
964 1417 1034 1454 hoc
1050 1416 1191 1465 loquar.

200 1477 368 1523 Ignarum
387 1486 516 1514 censes
533 1480 679 1514 tuarum
700 1476 948 1514 lacrumarum
966 1486 1047 1513 esse
1063 1477 1148 1513 me?

199 1537 272 1572 Aut
284 1533 373 1583 quid
396 1534 441 1572 sit
457 1534 509 1579 id,
530 1534 629 1584 quod
651 1534 847 1572 sollicitere
869 1535 915 1572 ad
932 1534 1031 1573 hunc
1046 1534 1225 1571 modum?

200 1592 364 1631 Primum
380 1593 474 1632 hanc
490 1593 554 1632 ubi
573 1593 663 1631 dixti
683 1604 847 1641 causam,
862 1598 898 1631 te
911 1598 1062 1642 propter
1080 1598 1181 1630 tuam

203 1652 353 1689 Matrem
371 1663 444 1690 non
462 1663 569 1701 posse
586 1652 723 1690 habere
743 1653 838 1690 hanc
851 1662 1002 1689 uxorem
1022 1651 1146 1699 domi3

201 1709 369 1748 Pollicita
386 1714 443 1749 est
462 1722 506 1749 ea
525 1722 563 1749 se
575 1722 832 1750 concessuram
848 1722 891 1749 ex
907 1710 1058 1749 aedihus.

200 1771 317 1818 Nunc,
335 1772 531 1819 postquam
552 1770 764 1819 ademptam
786 1770 880 1808 hanc
894 1780 1042 1818 quoque
1061 1768 1128 1807 tibi
1146 1779 1292 1807 causam
1315 1766 1428 1816 vides,

200 1829 296 1866 Puer
312 1827 401 1878 quia
416 1828 511 1867 clam
530 1833 567 1868 te
584 1833 640 1868 est
655 1833 779 1876 natus,
801 1833 929 1867 nactus
945 1828 1098 1866 alteram
1115 1838 1168 1866 es.

200 1890 320 1930 Erras,
341 1887 398 1925 tui
411 1888 526 1926 animi
547 1888 578 1926 si
596 1899 656 1927 me
674 1899 755 1926 esse
774 1888 941 1936 ignarum
957 1892 1075 1936 putas.

199 1945 406 1994 Aliquando
422 1948 572 1985 tandem
589 1947 660 1986 hoc
677 1947 842 1985 animum
859 1951 899 1984 ut
916 1946 1097 1994 adjungas
1109 1949 1228 1991 tuum,

199 2006 317 2049 Quam
334 2005 486 2053 longum
504 2006 664 2055 spatium
681 2006 830 2044 amandi
849 2005 1006 2043 amicam
1023 2003 1087 2042 tibi
1104 2003 1218 2041 dedi?

200 2064 375 2112 Sumptus
391 2075 486 2113 quos
506 2065 624 2103 fecisti
644 2065 681 2103 in
700 2075 798 2111 eam,
822 2074 933 2113 quem
951 2063 1075 2101 animo
1091 2072 1196 2111 aequo
1216 2060 1312 2099 tuli?

200 2122 263 2170 Egi
281 2127 391 2171 atque
405 2123 505 2161 oravi
524 2128 661 2170 tecum,
679 2134 831 2161 uxorem
852 2127 892 2160 ut
909 2123 1074 2160 duceres.

200 2182 360 2230 Tempus
379 2182 453 2219 dixi
476 2193 554 2220 esse
578 2195 587 2219 ε
611 2181 773 2230 impulsu
790 2181 924 2219 duxisti
944 2190 1041 2218 meo.

200 2241 287 2285 Quae
306 2245 382 2278 tum
401 2241 598 2280 obsecutus
616 2241 721 2287 mihi,
742 2240 860 2278 fecisti
878 2244 917 2277 ut
935 2239 1121 2277 decuerat.

199 2300 302 2337 Nunc
321 2299 483 2338 animum
503 2310 649 2339 rursum
667 2299 715 2337 ad
729 2298 961 2337 meretricem
979 2296 1119 2335 induxti
1139 2300 1242 2334 tuum
1259 2307 1272 2334 ε

1619 1970 1624 1980 -
1619 1934 1624 1959 -.,
1616 1885 1624 1917 ι.-
1619 1844 1624 1874 ..
1615 1798 1624 1834 ,ὴ
1616 1631 1624 1788 ,Λα-Λ-ι-
1618 1543 1624 1622 .-.-...
