1624 2632
352 268 423 305 336
643 268 886 307 HEAUTON
912 269 1305 308 TIMORUMENOS.

881 359 1060 386 caumas.

351 406 445 452 Quia
464 416 634 455 pessume
654 406 747 445 istuc
766 406 803 445 in
825 411 862 445 te
881 412 994 456 atque
1012 406 1049 444 in
1070 405 1177 444 illum
1195 406 1370 450 consulis,

353 465 391 514 Si
407 469 442 502 te
462 468 537 502 tam
557 464 632 502 leni
657 469 695 503 et
710 464 804 503 victo
825 465 950 503 animo
969 475 1049 503 esse
1065 465 1282 503 ostenderis.

856 534 1084 562 messuimus.

353 584 431 620 Non
448 591 600 630 possum
620 593 630 619 :
651 581 741 620 satis
756 581 851 630 jam,
868 582 957 619 satis
970 586 1076 630 pater
1095 582 1212 620 durus
1231 581 1298 620 fui.

881 710 1061 738 caumes.

1318 758 1390 805 Ah,

357 819 563 858 Vehemens
580 819 617 856 in
635 823 832 866 utramque
851 822 1010 867 partem,
1033 819 1262 867 Menedeme‚
1279 830 1319 857 es
1340 820 1463 867 nimis,

355 882 426 916 Aut
451 877 618 926 largitate
638 876 753 914 nimia
768 882 831 914 aut
846 877 1085 926 parsimonia.

355 939 392 974 ln
413 937 569 974 eandem
590 935 759 991 fraudqn
780 946 823 973 ex
842 936 909 974 hac
929 946 970 973 re
988 941 1101 984 atque
1120 946 1164 974 ex
1182 936 1245 974 illa
1265 936 1419 975 incides.

356 995 518 1032 Primum
532 994 620 1033 olim
641 995 765 1043 potius
786 1005 897 1042 quam
916 998 1085 1043 paterere
1107 994 1222 1033 filium

355 1056 587 1092 Commetare
603 1053 650 1091 ad
670 1053 943 1097 mulierculam,
966 1064 1048 1102 quae
1063 1053 1215 1102 paululo

357 1115 447 1150 Tum
467 1117 548 1150 erat
562 1116 750 1159 contenta,
768 1113 900 1160 cuique
918 1116 1025 1150 erant
1042 1117 1146 1160 grata
1162 1113 1288 1153 omnia
1294 1126 1307 1161 ;

355 1171 592 1210 Proterruisti
609 1171 707 1209 hinc.
729 1174 779 1208 Ea
798 1175 926 1209 coacta
946 1171 1113 1219 ingratiis

355 1231 504 1269 Postilla
516 1230 627 1280 coepit
645 1230 780 1268 victum
799 1230 906 1278 volgo
926 1241 1106 1278 quaerere.

353 1292 456 1328 Nunc
470 1301 586 1338 quum
604 1289 683 1327 sine
696 1299 830 1337 magno
849 1288 1123 1327 intertrimento
1141 1300 1215 1327 non
1235 1294 1355 1338 potest

354 1348 501 1393 Haberi,
523 1347 668 1397 quidvis
688 1348 776 1386 dare
799 1347 916 1396 cupis.
937 1350 1044 1395 Nam,
1062 1352 1103 1385 ut
1122 1352 1160 1385 tu
1181 1348 1274 1387 scias

352 1410 470 1454 Quam
488 1418 532 1445 ea
549 1417 646 1445 nunc
663 1407 839 1445 instructa
853 1406 1008 1455 pulchre
1029 1406 1075 1443 ad
1094 1406 1294 1455 perniciem
1308 1407 1392 1455 siet,

353 1466 517 1504 Primum
531 1466 610 1515 jam
629 1465 779 1504 ancillas
795 1476 921 1503 secum
938 1465 1090 1502 adduxit
1112 1466 1194 1513 plus
1209 1466 1354 1514 decem,

350 1527 528 1563 Oneratas
547 1529 648 1563 veste
672 1529 783 1572 atque
802 1535 908 1562 auro.
929 1525 1102 1573 Satrapes
1120 1524 1151 1562 si
1167 1524 1237 1562 siet

351 1589 517 1627 Amator,
542 1594 743 1632 numquam
764 1583 916 1621 sufferre
936 1583 1018 1631 eJus
1039 1587 1209 1632 sumptus
1227 1588 1366 1632 queat:

350 1644 494 1683 Nedum
512 1647 552 1681 tu
569 1642 698 1691 possis.
715 1661 717 1663 ·

857 1712 1085 1739 HENEDEMUS.

717 1762 840 1798 ‘Estne
859 1771 903 1797 ea
918 1759 1045 1797 intus?

883 1830 1062 1857 cnnssmzs.

1064 1878 1130 1920 Sit,
1153 1880 1291 1927 rogas?

347 1939 452 1977 Sensi
473 1949 584 1977 :nam
605 1949 716 1976 unam
733 1938 768 1976 ei
781 1949 912 1976 cenam
928 1942 1039 1986 atque
1059 1937 1141 1986 ejus
1158 1937 1355 1976 comitibus

349 1998 437 2036 Dedi
459 2011 468 2036 :
489 1997 621 2047 quodsi
643 1997 778 2035 iterum
800 1997 890 2035 mihi
908 1997 956 2035 sit
965 1997 1107 2040 danda,
1127 2001 1251 2036 actum
1266 1997 1349 2036 siet.

347 2059 454 2104 Nam,
476 2061 517 2095 ut
534 2056 607 2094 alia
620 2057 804 2104 omittam,
826 2056 1022 2106 pytisando
1037 2056 1148 2094 modo
1164 2056 1256 2094 mihi

381 2162 411 2188 3.
430 2171 446 2185 ιι
464 2159 487 2186 ll
509 2159 702 2195 n'appartient
720 2167 771 2194 pas
788 2159 805 2187 ὲ
826 2159 854 2186 la
871 2158 998 2186 comedie
1017 2157 1053 2185 de
1074 2161 1169 2186 tracei-
1183 2168 1240 2186 aux
1259 2159 1383 2187 hommes
1395 2167 1434 2187 ιι
1451 2159 1528 2196 pro!

347 2209 384 2229 un
402 2200 468 2237 plan
480 2200 515 2227 de
528 2200 662 2228 canduite
675 2208 743 2235 suge
760 2204 789 2227 et
805 2200 948 2228 moder-ee.
964 2198 1028 2227 Elle
1041 2206 1078 2226 ne
1091 2207 1163 2227 nous
1176 2200 1310 2237 enseigne
1320 2200 1339 2228 i
1350 2198 1488 2236 naviguer

346 2242 388 2270 les
400 2242 495 2274 recits,
515 2242 599 2278 qu'en
619 2249 689 2268 nous
710 2244 856 2269 montrant
878 2241 919 2268 les
938 2240 1093 2276 naufrages
1113 2240 1149 2268 de
1168 2241 1227 2269 l'un
1250 2244 1279 2268 et
1299 2241 1335 2269 de
1355 2240 1457 2269 l’nutre
1475 2240 1518 2268 riv

342 2284 418 2311 C'est
433 2291 485 2319 par
506 2282 654 2318 l’exemple
675 2281 726 2309 des
748 2281 823 2309 deux
843 2283 926 2310 exces
949 2281 1106 2308 contraires
1117 2281 1220 2317 qu’elle
1239 2290 1310 2310 nous
1326 2282 1445 2318 indique
1461 2280 1491 2309 la
1543 2283 1550 2287 ”

343 2325 436 2352 droite
449 2327 479 2351 et
495 2323 594 2352 εὐτε...
609 2323 709 2357 Quand
722 2324 885 2351 menedeme
900 2332 917 2351 a
930 2322 1028 2359 appi-is
1041 2322 1068 2349 le
1083 2323 1187 2359 depart
1197 2324 1233 2351 de
1245 2332 1295 2351 son
1308 2324 1364 2358 fils,
1379 2330 1410 2351 ei.
1427 2323 1479 2351 snit
1490 2331 1542 2351 sur

345 2373 450 2403 propre
460 2364 593 2393 concinite
615 2372 655 2392 un
671 2364 849 2393 douloureux
869 2369 981 2397 remur,
1001 2362 1038 2390 οὐ
1062 2365 1151 2392 serait
1170 2364 1197 2392 le
1218 2365 1360 2402 comique,
1377 2364 1402 2393 si
1420 2365 1499 2393 He'n'
1525 2363 1548 2404 ⁴,
