1624 2632
263 200 332 237 248
769 199 989 236 HECYRA.

263 279 436 325 Puerum,
452 278 649 328 Phidippe,
669 277 760 316 mihi
784 278 904 317 cedo:
926 288 995 326 ego
1015 276 1126 315 aiam.

777 405 981 433 raimerus.

1135 452 1313 488 Maxume.

262 507 493 550 Non'mirum
511 510 597 551 fecit
617 522 723 560 uxor,
741 511 771 549 si
791 512 861 550 hoc
880 521 977 560 aegre
993 509 1102 548 tulit:

262 573 406 607 Amarae
427 570 600 609 mulieres
617 576 715 616 sunt,
736 581 810 608 non
827 568 936 607 facile
957 569 1034 607 haec
1052 568 1188 606 ferunt.

263 631 462 677 Propterea
480 628 559 667 haec
576 629 666 667 irast
688 641 698 667 ε
717 639 803 666 nam
826 628 905 677 ipsa
922 626 1085 665 narravit
1101 626 1191 663 mihi
1214 638 1224 664 ε

263 687 300 724 ld
316 697 385 735 ego
402 687 472 725 hoc
493 691 672 736 praesente
690 686 758 725 tibi
779 686 970 724 nolueram
990 685 1140 723 dicere:

262 747 387 793 Neque
405 745 457 782 iili
474 745 671 783 credebam
686 744 807 794 primo
828 758 837 782 ε
859 755 956 782 nunc
972 754 1102 782 verum
1120 743 1241 792 palam
1261 746 1327 780 est.

262 806 352 842 Nam
374 805 526 843 omnino
541 805 742 843 abhorrere
761 804 927 841 animum
946 804 1032 841 huic
1049 803 1156 840 video
1170 813 1194 841 a
1208 800 1356 850 nuptiis.

805 874 957 901 means.

263 921 358 968 Quid
378 933 464 971 ergo
484 933 604 971 agam,
626 922 835 971 Phidippe?
853 921 943 970 quid
962 921 1028 959 das
1042 919 1202 960 consili?

575 1014 581 1018 .
776 991 981 1018 Pfflnll’l’us.

262 1040 357 1086 Quid
375 1042 488 1088 agas?
508 1039 735 1079 Meretricem
759 1040 854 1077 hanc
875 1035 1036 1088 primu‘m
1053 1037 1259 1077 adeundam
1276 1045 1421 1075 censeo.

262 1100 418 1136 Oremus
435 1112 444 1136 :
462 1098 677 1137 accusemus
699 1112 708 1137 :
727 1098 872 1147 gravius
890 1098 1050 1147 denique

265 1157 487 1205 Minitemur,
506 1157 632 1195 sicum
649 1157 712 1195 iilo
732 1157 901 1194 habuerit
920 1167 1000 1194 rem
1013 1161 1153 1206 postea.

804 1226 955 1253 menas.

265 1275 408 1312 Faciam
426 1279 466 1312 ut
483 1285 623 1312 mones.
644 1275 736 1321 Eho,
754 1285 860 1323 puer,
880 1285 987 1312 curre
1006 1274 1052 1311 ad
1070 1273 1289 1312 Bacchidem
1312 1272 1407 1311 hanc

265 1332 428 1371 Vicinam
447 1337 612 1371 nostram
634 1346 643 1371 ε
666 1333 736 1371 huc
750 1343 862 1371 evoca
881 1332 1003 1370 verbis
1022 1332 1127 1371 meis.

242 1392 250 1421 5·
264 1394 308 1429 Et
327 1395 362 1430 te
375 1402 442 1430 oro
459 1402 584 1441 porro,
602 1392 639 1429 in
657 1391 726 1430 hac
742 1403 782 1430 re
795 1391 946 1439 adjutor
962 1392 1012 1429 sis
1026 1391 1130 1429 mihi.

776 1520 980 1548 ruminus.

264 1627 485 1665 Jamdudum
507 1626 596 1675 dixi,
614 1626 787 1676 idemque
806 1638 904 1665 nunc
919 1627 1018 1674 dico,
1036 1626 1157 1665 Lache
1174 1639 1186 1665 z

265 1689 411 1724 Manere
429 1686 658 1724 adfinitatem
672 1686 768 1724 hanc
787 1687 883 1724 inter
899 1697 965 1724 nos
980 1685 1079 1730 volo,

266 1745 302 1783 Si
319 1744 395 1783 ullo
414 1745 526 1783 modo
547 1749 604 1784 est
622 1750 662 1783 ut
679 1750 815 1794 possm
838 1745 937 1794 quod
960 1755 1069 1794 spero
1084 1743 1178 1783 fore.

267 1803 338 1867 Sed
357 1803 414 1841 vin
434 1803 560 1842 adesse
579 1815 639 1842 me
657 1815 742 1850 una,
764 1805 852 1842 dum
873 1804 979 1841 istam
996 1803 1195 1842 convenis?

807 1874 956 1900 means.

268 1924 381 1959 immo
401 1931 486 1959 vero
506 1921 578 1965 ahi,
598 1921 759 1972 aliquam
780 1933 895 1971 puero
916 1921 1096 1960 nutricem
1112 1930 1216 1970 para.
