1624 2632
228 220 299 256 258
739 223 957 260 HECYRA.

820 317 840 342 c
881 338 888 342 .
915 335 923 343 .

229 364 355 408 Quaeso
369 362 518 412 edepol,
532 363 695 408 Bacchis,
713 317 816 414 quoii
827 316 919 402 ῐιῗῖὶιεί
935 374 975 402 es
990 363 1171 412 pollicita,
1183 366 1262 401 tute
1276 367 1316 400 ut
1328 370 1461 400 serves.

766 493 933 521 mccms.

230 536 284 576 Ob
303 547 385 576 earn
405 549 485 578 rem
504 539 564 578 vin
584 550 672 589 ergo
688 539 901 579 introeam?

774 610 925 638 uenas.

713 660 726 695 1
745 662 855 706 atque
870 657 976 706 exple
989 656 1154 695 animum
1173 656 1231 704 iis,
1247 660 1288 694 ut
1301 654 1466 693 credant.

765 786 931 814 mccms.

233 834 306 879 {⁴303
322 833 393 871 etsi
411 833 486 872 scio
506 834 568 882 pol
588 834 633 872 lis
654 834 733 873 fore
753 845 878 872 meum
897 837 1136 883 conspectum
1157 833 1315 871 invisum
1334 831 1469 871 hodie:

233 893 323 929 Nam
343 896 456 941 nupta
476 892 661 931 meretrici
678 893 797 932 hostis
817 898 886 941 est,
904 904 926 931 a
943 893 1024 931 viro
1043 892 1106 930 u'ni
1124 896 1314 941 segregata
1331 896 1398 929 est.

777 1082 928 1109 nemas.

235 1131 280 1166 At
292 1123 370 1167 htec
386 1127 512 1167 amicae
531 1133 655 1179 erunt,
674 1129 735 1167 ubi
756 1130 1002 1179 quamobrem
1019 1127 1213 1168 adveneris
1231 1127 1442 1166 resciscent.

750 1259 954 1286 raimerus.

233 1305 450 1343 At-easdem
467 1305 606 1344 amicas
618 1305 699 1344 fore
716 1307 783 1344 tibi
798 1307 989 1355 promitto,
1004 1317 1083 1344 rem
1104 1305 1168 1343 ubi
1184 1304 1401 1354 cognorint:

234 1365 326 1401 Nam
342 1363 424 1403 illas
443 1375 572 1404 errore
592 1369 630 1403 et
650 1369 686 1403 te
705 1365 815 1403 simul
834 1365 1042 1414 suspicione
1057 1364 1234 1403 exsolves.

771 1494 934 1521 BAccms.

236 1541 343 1586 Perii,
365 1542 482 1591 pudet
495 1543 723 1583 Philumenae
742 1554 804 1582 me
822 1541 1045 1592 :sequimini
1062 1552 1122 1580 me
1141 1541 1239 1579 intro
1257 1539 1389 1579 ambae.

779 1671 931 1700 uenas.

237 1718 331 1764 Quid
351 1724 406 1758 est
425 1720 526 1769 quod
546 1711 642 1759 mihi
661 1720 811 1768 malim,
835 1730 948 1770 quam
967 1719 1068 1768 quod
1092 1718 1178 1757 huic
1195 1717 1373 1766 intellego
1395 1726 1478 1755 eve·

285 1777 390 1816 nire?

240 1840 283 1875 Ut
303 1837 458 1885 gratiam
476 1833 578 1877 ineat
595 1838 673 1877 sine
695 1849 763 1877 suo
783 1838 977 1888 dispendio
997 1841 1035 1877 et
1054 1837 1148 1876 mihi
1166 1836 1296 1887 prosit.

240 1898 329 1932 Nam
351 1897 381 1933 si
402 1901 472 1944 est,
491 1902 532 1935 ut
552 1897 628 1936 haec
646 1908 743 1935 nunc
759 1897 995 1945 Pamphilum
1010 1907 1097 1935 vere
1115 1895 1162 1934 ab
1182 1907 1221 1934 se
1238 1893 1453 1943 segregarit,

240 1954 312 1992 Scit
327 1954 395 1992 sibi
414 1955 645 1994 nobilitatem
663 1967 708 1995 ex
726 1967 772 1994 eo
791 1960 827 1994 et
845 1967 923 1994 rem
941 1959 1068 1994 natam
1086 1959 1124 1995 et
1143 1954 1300 2004 gloriam
1322 1963 1428 1991 esse:

241 2013 462 2062 Referetque
480 2015 815 2064 gratiam‚runaque
836 2025 905 2052 nos
917 2013 989 2052 sibi
1005 2024 1120 2063 opera
1137 2012 1277 2051 amieos
1289 2012 1436 2061 junget.

278 2130 305 2158 1.
324 2130 506 2158 L’hesitation
523 2135 603 2159 toute
626 2132 727 2168 simple
745 2133 919 2168 qu'eprouve
941 2131 1057 2160 Bacchis
1073 2130 1090 2158 'a
1103 2134 1200 2159 enti-er
1221 2131 1291 2159 chen
1317 2126 1482 2157 Philumene

242 2174 289 2199 en
302 2178 340 2199 un
358 2171 429 2200 trait
442 2172 479 2200 de
492 2172 580 2208 ge‘nie
592 2172 724 2201 theatral.
741 2175 779 2200 Le
793 2172 964 2201 denoniment
974 2176 1018 2201 est
1028 2177 1092 2201 tout
1107 2171 1202 2200 entier
1213 2171 1286 2200 dans
1301 2174 1379 2199 oette
1387 2172 1482 2197 entre-
